2005 3422
381 293 461 332 240

931 299 1040 329 HOR.
1073 297 1327 328 SERMONUM

309 414 355 448 90
380 404 487 444 Nam
524 402 719 458 quamvis
752 401 929 441 memori
960 400 1124 441 referas
1156 398 1260 439 mihi
1290 404 1462 453 pectore
1493 402 1659 449 cuncta,

379 471 474 511 Non
506 476 648 509 tamen
675 469 887 523 interpres
914 467 1167 509 tantundem
1199 466 1374 507 iuveris.
1408 465 1519 506 adde

380 537 554 578 Voltum
584 535 861 591 habitumque
889 535 1096 587 hominis3
1129 548 1255 590 quem
1281 538 1328 573 tu
1358 532 1519 573 vidisse
1546 531 1697 572 beatus

377 605 475 645 Non
509 605 654 658 magni
684 604 858 659 pendis,
889 604 991 659 quia
1017 602 1217 656 contigit:
1251 606 1294 640 at
1325 599 1427 640 mihi
1461 614 1564 640 cura

380 672 475 712 Non
506 671 736 712 mediocris
768 672 898 725 inest,
931 670 1062 711 fontis
1093 675 1139 711 ut
1169 669 1289 709 adire
1318 673 1504 708 remotos
1530 684 1533 688 ·

309 749 352 782 95
378 741 522 795 Atque
553 739 725 779 haurire
757 753 910 794 queam
940 739 1054 779 vitae
1082 741 1315 793 praecepta
1345 735 1510 776 beatae.

995 884 1169 925 SATIRA
1206 884 1254 924 V.

918 976 953 1014 U
998 977 1027 1014 L
1074 977 1090 1014 Ι
1136 977 1172 1015 Χ
1214 977 1244 1015 Ε
1291 977 1332 1016 S.

381 1079 477 1120 Hoc
505 1093 698 1135 quoque,
731 1078 927 1131 Tiresia,
957 1082 1134 1133 praeter
1166 1084 1340 1119 narrata
1368 1077 1533 1134 petenti

380 1146 637 1202 Responde:
674 1146 831 1202 quibus
861 1146 1044 1186 amissas
1076 1159 1279 1202 reparare
1309 1159 1462 1201 queam
1492 1159 1562 1185 res

380 1214 560 1256 Artibus
590 1219 717 1269 atque
749 1213 902 1254 modis.

965 1210 1082 1263 Quid
1112 1213 1262 1254 rides?
1289 1239 1345 1246 —-
1373 1213 1521 1254 Iamne
1554 1211 1704 1254 doloso

380 1283 494 1324 Non·
509 1282 612 1323 satis
641 1288 705 1323 est
731 1281 925 1322 Ithacam
954 1280 1125 1334 revehi,
1157 1281 1406 1337 patriosque
1438 1281 1606 1337 penatis

341 1361 361 1393 5
383 1351 625 1406 Aspicere‘?
651 1373 707 1382 —-
738 1349 775 1390 O
808 1348 916 1389 nulli
946 1348 1176 1404 quicquam
1205 1349 1401 1402 mentite,
1432 1348 1556 1390 vides
1586 1353 1633 1388 ut

381 1419 534 1460 Nudus
566 1419 776 1473 inopsque
806 1415 979 1456 domum
1009 1416 1184 1457 redeam
1214 1423 1256 1457 te
1289 1422 1409 1469 vate,
1440 1430 1581 1471 neque
1612 1414 1704 1455 illic

383 1488 472 1528 Aut
500 1485 710 1542 apotheca
737 1483 881 1538 procis
911 1482 1074 1524 intacta
1103 1490 1187 1538 est,
1223 1491 1295 1526 aut
1325 1499 1479 1540 pecus:
1512 1483 1631 1539 atqui

385 1555 442 1596 Et
468 1568 604 1609 genus
637 1557 678 1593 et
702 1551 863 1601 virtus,
893 1550 978 1590 nisi
1007 1565 1102 1592 cum
1133 1567 1199 1605 re,
1232 1551 1361 1593 vilior
1389 1551 1489 1605 alga
1521 1556 1599 1592 est.
1629 1573 1684 1579 --

498 1620 681 1673 Quando
710 1617 978 1674 pauperiem,
1011 1620 1154 1660 missis
1184 1619 1460 1674 ambagibus,
1490 1618 1658 1670 horres,

321 1700 362 1733 10
385 1689 568 1743 Accipe,
600 1701 684 1742 qua
713 1685 880 1725 ratione
912 1699 1043 1740 queas
1076 1686 1302 1728 ditescere.

1364 1686 1536 1727 Turdus

385 1755 486 1796 Sive
518 1753 636 1794 aliud
664 1754 836 1809 privum
868 1752 1041 1793 dabitur
1070 1752 1173 1807 tibi,
1206 1754 1380 1795 devolet
1408 1753 1524 1806 illuc,

384 1823 470 1863 Res
501 1821 576 1862 ubi
606 1835 765 1875 magna
795 1821 903 1861 nitet
930 1820 1103 1861 domino
1136 1835 1261 1875 sene3
1291 1821 1434 1863 dulcia
1463 1834 1604 1876 poma,

383 1890 441 1930 Et
470 1902 762 1946 quoscumque
790 1887 902 1929 feret
931 1888 1071 1930 cultus
1101 1888 1182 1929 tibi
1208 1888 1368 1932 fundus
1398 1889 1600 1943 honores,

429 2016 489 2057 90)
517 2017 602 2048 Nam
627 2027 830 2058 quamquam.
860 2016 942 2047 Msc.
962 2016 1061 2048 Gesn.
1079 2016 1110 2048 3.
1152 2029 1192 2051 ac
1224 2018 1309 2052 mihi.
1345 2018 1426 2051 Msc.
1453 2022 1540 2050 nost.
1572 2016 1652 2048 Drd.
1681 2016 1714 2047 2.
1748 2014 1817 2048 Brl.
1848 2013 1880 2045 l.

384 2082 430 2086 —
467 2064 600 2095 memori
639 2063 787 2104 referas.
827 2063 909 2095 Mss.
944 2064 1050 2095 nostri
1082 2068 1114 2094 et
1152 2075 1232 2097 msc.
1262 2066 1348 2096 Feae
1388 2065 1416 2102 1,
1448 2074 1480 2096 11.
1518 2063 1578 2095 Ed.
1607 2061 1717 2096 Crato.
1748 2066 1784 2093 at
1813 2061 1884 2093 tibi·

388 2111 531 2142 aliorum
566 2110 666 2151 longe
698 2109 847 2151 plurimi.
884 2109 974 2151 Lips,
1008 2110 1041 2140 2.
1077 2109 1110 2144 3.

386 2156 455 2188 Brl.
486 2157 517 2190 1,
557 2155 654 2188 Dess.
692 2156 721 2189 l.
757 2156 790 2190 2,
828 2155 910 2190 Drd.
949 2157 976 2187 l.
1011 2157 1044 2188 2.
1078 2155 1111 2190 3.

387 2203 464 2237 Bas.
493 2202 524 2236 1.
552 2200 584 2233 3.
615 2201 703 2244 Gph.
730 2202 759 2233 1.
789 2203 821 2235 2.
850 2202 937 2234 Mon.
965 2203 996 2234 2.
1022 2201 1054 2235 3.
1077 2203 1110 2235 4.

388 2251 418 2281 5.
447 2248 524 2291 Gtg.
550 2249 583 2281 2.
618 2258 699 2280 mss.
728 2258 783 2289 ap.
813 2248 921 2282 Bentl,
954 2253 984 2279 et
1009 2248 1111 2282 Orell.

388 2305 522 2332 omnes,
549 2300 616 2326 tres
643 2305 696 2337 ap.
712 2294 838 2326 Bersm.
857 2294 969 2328 Oberl,
989 2305 1020 2326 a.
1036 2305 1063 2326 c.
1079 2295 1112 2326 d.

386 2342 602 2383 undeviginti
627 2351 682 2382 ap.
713 2341 824 2371 Feam.
862 2340 1026 2374 Priscian.
1056 2350 1110 2382 ap.

387 2388 524 2420 Putsch.
551 2397 586 2429 p.
617 2388 695 2419 772.
731 2387 791 2420 Ed.
820 2386 931 2419 Bentl.
961 2386 1038 2428 (qui
1063 2397 1114 2417 re-

387 2434 455 2465 stit.
485 2440 515 2465 et
541 2432 686 2473 vindic.)
719 2443 769 2472 sq.
806 2432 889 2464 Cnn.
919 2433 998 2466 San.
1027 2433 1113 2464 Phil.

389 2481 505 2512 Franc.
545 2479 622 2512 Val.
667 2479 755 2512 Sivr.
798 2479 941 2521 Dorigh.
975 2479 1112 2510 Wakef.

388 2528 488 2557 Azar.
513 2526 625 2557 XVetz.
654 2526 731 2559 Fea,
760 2525 881 2559 Heind.
906 2525 1003 2557 Both.
1032 2525 1113 2558 Zell.

387 2573 461 2614 Rip.
497 2572 591 2605 Iahn.
618 2571 720 2603 Mein.
755 2571 857 2605 Orell.
888 2572 962 2602 th.
1000 2571 1114 2605 Schm.

386 2619 503 2652 de.
521 2619 601 2660 Krg.
629 2618 768 2658 referas
787 2619 927 2649 memori.
958 2617 1038 2648 Mss.
1058 2626 1117 2648 no-

388 2666 447 2695 stri
470 2665 564 2706 Lips.
591 2666 618 2696 1.
649 2664 735 2697 Mon.
762 2664 793 2697 1.
824 2664 910 2695 Gott.
932 2664 963 2696 1.
993 2664 1115 2695 mlh-2.

388 2722 472 2744 mss.
499 2721 518 2741 a
544 2712 577 2742 in
604 2710 687 2744 Drd.
716 2709 748 2742 3.
790 2710 874 2741 Edd.
905 2715 982 2741 ante
1010 2709 1116 2742 Bentl.

391 2758 540 2798 (praeter
567 2757 707 2788 Vascos.
733 2766 787 2797 ap.
820 2756 935 2793 Feam)
962 2760 997 2786 111
1023 2761 1116 2797 puto.

391 2813 518 2836 omnes.
545 2808 576 2834 et
593 2803 688 2834 Baxt.
718 2802 817 2833 Gesn.
846 2801 974 2835 Sandb.
1005 2801 1116 2833 oberl.

392 2850 510 2890 Camp.
540 2849 619 2883 Bur,
648 2848 720 2879 le.

437 2893 500 2931 92)
525 2905 610 2934 quae
623 2900 666 2925 tn.
685 2894 766 2924 Msc.
782 2894 866 2924 Fene
882 2894 940 2927 l.a
957 2891 995 2932 (a
1014 2893 1118 2931 Lm.)

436 2938 494 2978 93)
520 2940 657 2979 pendes.
687 2940 767 2970 Mse.
796 2946 881 2970 nost.
913 2939 999 2969 Mon.
1027 2939 1117 2969 1.—

1152 2112 1235 2145 Msc.
1261 2117 1348 2145 nost.
1376 2112 1466 2143 Mon.
1497 2111 1524 2142 1.

1411 2190 1556 2222 Satira
1578 2191 1621 2221 V.

1202 2246 1235 2289 l)
1275 2247 1427 2279 Teresia.
1462 2247 1542 2280 Mss.
1579 2246 1684 2278 nostri
1715 2244 1812 2287 Lips.
1847 2242 1881 2277 3.

1155 2295 1245 2326 Mon.
1287 2295 1318 2325 2.
1357 2293 1435 2326 Bas.
1476 2294 1506 2325 1.
1545 2292 1577 2326 3.
1629 2291 1741 2324 Oberl.
1776 2302 1806 2323 a.
1848 2290 1882 2321 d.

1156 2341 1266 2372 Iaeck.
1285 2340 1316 2375 1,
1339 2339 1493 2382 Tyresia.
1514 2339 1596 2372 Mss.
1614 2338 1721 2371 nostri
1739 2337 1835 2379 Lips.
1852 2337 1883 2369 1.

1155 2387 1244 2421 Mon.
1268 2388 1297 2419 1.
1320 2388 1352 2419 5.
1379 2386 1462 2421 Drd.
1482 2385 1513 2416 1.
1533 2387 1567 2417 4.
1591 2384 1678 2426 Gph.
1702 2385 1733 2418 1.
1757 2382 1833 2415 Gth.
1850 2383 1884 2416 2.

1201 2433 1235 2473 3)
1264 2433 1437 2465 Partibus.
1467 2432 1548 2465 Msc.
1574 2437 1661 2464 nost.
1687 2430 1762 2462 Glh.
1785 2430 1818 2461 2.
1839 2447 1883 2451 —

1156 2480 1257 2521 quid?
1289 2479 1404 2512 rides?
1437 2478 1493 2510 Sic
1519 2478 1597 2511 dist.
1627 2477 1726 2516 Cruq.
1760 2477 1817 2517 qui
1837 2476 1884 2506 ri-

1157 2525 1240 2557 des?
1266 2526 1346 2557 Msc.
1370 2530 1458 2558 nost.
1477 2523 1604 2558 Drd.3.
1632 2541 1676 2546 —-
1700 2528 1807 2554 tamne
1826 2521 1884 2552 do-

1155 2574 1236 2604 loso.
1276 2571 1355 2603 Msc.
1394 2577 1481 2603 nost.
1516 2570 1612 2603 Dess.
1641 2571 1673 2602 2.
1708 2578 1789 2600 mse.
1824 2577 1880 2608 ap.

1157 2618 1283 2649 Bersm.
1321 2618 1403 2649 Bad.
1435 2618 1463 2649 l.
1499 2617 1624 2649 doloso.
1661 2614 1743 2645 Mss.
1779 2613 1883 2645 nostri

1158 2670 1187 2695 et
1214 2664 1357 2695 aliorum
1388 2663 1458 2695 fere
1483 2671 1612 2695 omnes,
1650 2660 1736 2692 Edd.
1766 2659 1881 2700 vulgo.

1159 2711 1283 2742 dolose.
1313 2709 1394 2741 Msc.
1423 2715 1510 2740 nost.
1539 2707 1616 2738 Drd.
1643 2708 1675 2738 4.
1704 2707 1791 2737 Feae
1816 2705 1849 2741 2.
1871 2704 1887 2735 f

1158 2756 1200 2793 (a
1227 2758 1258 2787 2.
1287 2757 1356 2796 m.)
1390 2765 1472 2787 msc,
1509 2753 1616 2784 Bentl.
1651 2751 1683 2784 8.
1719 2753 1807 2784 coni.
1841 2751 1882 2784 D.

1157 2801 1272 2832 Heius.
1298 2801 1381 2832 Edd.
1397 2800 1546 2832 Britann,
1566 2798 1642 2840 (ap.
1658 2797 1758 2838 Cnn.)
1774 2796 1882 2828 Bentl.

1158 2848 1214 2887 qui
1241 2846 1432 2878 commend.
1462 2845 1581 2886 (refut.
1613 2845 1678 2875 Fea
1704 2850 1735 2875 et
1762 2842 1883 2882 Orell.)

1158 2903 1210 2932 sq.
1251 2893 1334 2924 Cun.
1369 2891 1445 2922 San.
1483 2892 1595 2921 Franc.
1631 2890 1758 2921 Sandb.
1796 2888 1880 2920 Phil.

1157 2938 1234 2970 val.
1258 2938 1349 2969 Sivr.
1378 2937 1519 2978 Dorigll.
1548 2936 1686 2969 'Wakelss
