2007 3434
392 300 578 331 INDICES
611 300 851 331 LIBRORUM
882 301 1012 332 MSST.
1044 302 1102 332 ET
1132 302 1390 335 EDITORUM.
1500 305 1628 335 XLVII

151 407 280 448 Hagae
315 406 414 438 Com.
453 404 582 444 edidit,
617 404 979 436 Animadversionum
1012 405 1103 437 libro
1136 406 1172 437 in
1200 406 1304 439 Rich.
1335 407 1490 439 Bentleii
1522 412 1627 441 notas

152 464 347 506 separatim
373 463 511 495 addito.
561 464 678 495 Homo
705 462 907 504 corrigendi
937 463 1134 505 cupiditate.
1158 463 1253 496 ultra
1278 465 1476 498 modestiae
1501 477 1544 499 ac
1569 478 1626 499 ve-

152 523 271 554 ritatis
296 522 427 553 limites
454 521 624 562 abreptus
650 520 687 552 id
713 520 826 552 solum
853 524 1011 562 spectat,
1038 525 1077 554 ut
1100 522 1333 555 Bentleianas
1360 524 1626 557 emendationes

151 579 282 621 partim
309 579 440 619 elevet,
474 579 605 620 partim
628 579 767 620 ingenti
794 579 1081 610 coniecturarum
1106 589 1253 611 numero
1279 584 1483 623 exsuperet,
1518 586 1554 614 et
1576 583 1627 614 in-

150 637 273 680 genio,
298 640 334 669 et
359 636 541 677 doctrina,
568 639 603 668 et
628 636 756 678 opibus
780 636 966 668 litterariis
991 636 1098 678 longe
1119 636 1180 668 illo
1203 638 1363 671 inferior.
1413 639 1524 671 Crisis
1551 640 1626 672 eius

150 695 187 726 in
211 693 351 726 levibus
377 694 592 736 quibusdam
617 693 874 725 vocabulorum
899 694 1209 726 immutationibus
1237 695 1306 736 (ex.
1325 707 1380 739 gr.
1404 708 1484 738 neu,
1510 708 1625 740 neque,

151 763 214 794 que
238 762 301 794 pro
327 762 404 790 nee,
432 751 489 793 ve)
528 754 563 783 et
599 751 788 783 verborum
822 751 1166 793 transpositionibus
1197 752 1435 795 largissimam
1467 755 1535 787 sibi
1566 766 1627 787 no-

152 809 262 841 vandi
295 809 479 841 materiem
511 809 658 850 delegit.
721 808 933 849 Praeterea,
978 810 1072 851 quod
1105 811 1258 842 maxime
1291 812 1416 844 mirum
1446 813 1625 854 videatur,

151 867 345 899 acerrimus
371 867 448 908 ipse
472 866 629 898 Bentleii
655 866 902 908 adversarius,
941 868 978 898 in
1002 867 1181 910 plerisque
1206 872 1325 902 tamen
1351 871 1427 902 eius
1451 873 1627 905 recensio-

150 935 230 956 nem
264 927 409 956 secutus
443 927 514 963 est,
552 934 617 956 nec
643 924 832 966 quisquam
866 925 941 956 eius
967 924 1138 957 lectiones
1173 925 1312 959 fidelius
1343 939 1450 970 quam
1481 929 1558 971 ipse
1588 930 1626 961 in

150 981 206 1014 ed.
241 992 308 1014 sua
340 982 529 1023 expressit.
582 981 712 1013 Merito
743 982 814 1013 iam
840 982 915 1013 Fea
945 992 1024 1014 eum
1057 983 1093 1014 in
1117 984 1271 1024 praefat.
1303 995 1338 1027 p.
1364 986 1447 1019 VII.
1479 990 1626 1029 propter

150 1039 298 1071 nimium
310 1039 468 1072 novandi
488 1039 647 1072 studium
661 1040 868 1081 castigavit.
894 1039 1005 1071 Fidus
1023 1044 1076 1072 est
1092 1041 1168 1072 eius
1182 1041 1327 1074 satelles
1343 1043 1602 1077 Sanadonus
1615 1070 1623 1086 ,

149 1107 262 1139 aeque
295 1097 402 1138 levis,
449 1107 562 1139 aeque
597 1096 737 1137 audax,
776 1097 892 1128 minus
924 1098 1031 1129 etiam
1064 1099 1238 1132 eruditus.
1299 1100 1396 1132 Nihil
1432 1112 1473 1134 eo
1507 1104 1624 1135 secius

149 1158 300 1197 uterque
332 1155 399 1187 hoc
431 1154 569 1187 fervido
606 1154 763 1187 novandi
795 1154 914 1186 studio
948 1155 1076 1188 ductus
1114 1157 1203 1188 satis
1242 1158 1356 1190 multa
1388 1161 1624 1193 attentionem

150 1212 334 1244 moventia
369 1216 404 1244 et
430 1212 664 1244 meditatione
690 1212 800 1254 digna
825 1212 966 1254 attulit,
1001 1224 1110 1256 quare
1141 1214 1237 1246 haud
1262 1226 1396 1257 paucos
1428 1219 1536 1251 etiam
1564 1219 1625 1252 ad-

148 1270 334 1302 miratores
360 1273 394 1301 et
421 1269 579 1301 asseclas
604 1270 830 1302 invenerunt.
1037 1313 1041 1315 Β

243 1326 300 1368 58)
316 1325 447 1357 Sanucl.
476 1327 570 1366 „Les
584 1327 726 1368 poesies
740 1327 919 1359 d'Horace
935 1325 1119 1369 disposees
1136 1328 1282 1360 suivant
1294 1329 1425 1363 l‘ordre
1441 1331 1624 1365 chronolo-

151 1384 257 1425 gique
282 1386 317 1415 et
342 1382 516 1414 traduites
543 1394 586 1415 en
598 1383 773 1424 Francois
799 1393 888 1415 avec
913 1382 975 1414 des
1001 1393 1207 1426 remarques
1235 1389 1270 1418 et
1286 1386 1348 1419 des
1371 1388 1623 1422 dissertations

150 1441 318 1482 critiques
344 1450 409 1482 par
433 1440 465 1472 le
482 1441 524 1472 R.
539 1441 581 1473 P.
599 1440 811 1473 Sanadon
838 1451 881 1472 ex
900 1440 936 1473 S.
952 1440 1009 1472 I.“
1036 1441 1154 1474 Paris.
1173 1442 1274 1475 1728.
1301 1445 1428 1478 2Voll.
1456 1450 1490 1479 4.
1540 1447 1624 1479 Edi-

147 1497 197 1528 tio
223 1496 423 1528 luculenter
454 1507 640 1539 expressa,
676 1497 739 1529 sed
766 1497 971 1539 eclogarum
1003 1497 1126 1530 ordine
1156 1509 1302 1541 prorsus
1334 1503 1480 1536 turbato
1512 1508 1548 1536 et
1573 1508 1624 1537 te-

147 1564 243 1586 mere
275 1553 370 1585 inter
395 1564 433 1586 se
468 1554 619 1586 confuso
651 1555 712 1586 vix
745 1549 794 1586 ad
816 1565 919 1586 usum
944 1554 1087 1587 idonea.
1136 1556 1205 1589 Ed.
1239 1557 1355 1591 altera
1389 1561 1622 1603 emendatior,

146 1611 265 1652 prisco
290 1614 495 1653 poematum
521 1612 645 1643 ordine
665 1612 851 1653 restituto,
878 1613 995 1644 Paris.
1013 1613 1114 1646 1756.
1142 1614 1271 1647 8Voll.
1298 1616 1331 1648 8.
1370 1618 1444 1650 Nos
1470 1622 1623 1662 utraque

146 1667 203 1699 usi
235 1677 369 1700 sumus.
417 1669 472 1701 De
497 1668 690 1701 Sanadono
716 1669 803 1701 licet
834 1670 998 1702 acerbior
1023 1671 1071 1702 sit
1097 1670 1295 1705 doctissimi
1320 1674 1513 1708 D'Orvillii
1544 1688 1623 1709 sen-

146 1725 261 1756 tentia
286 1725 332 1757 ad
349 1725 485 1758 Charit.
503 1726 613 1768 p.66:
641 1751 662 1767 ,‚
677 1727 867 1768 Sanadon,
893 1728 954 1769 qui
978 1738 1091 1770 nuper
1105 1729 1296 1763 Horatium
1320 1735 1509 1767 temerario
1532 1746 1623 1767 ausu

143 1781 293 1824 Absyrti
326 1784 442 1816 instar
474 1784 631 1816 concidit
662 1786 916 1827 truncavitque
951 1789 986 1818 et
1015 1787 1151 1818 triviali
1176 1792 1431 1823 commentario
1464 1793 1620 1834 obruit‚“

143 1841 269 1882 negari
294 1844 415 1873 tamen
439 1852 510 1874 non
535 1845 674 1884 potest,
699 1853 779 1875 eum
803 1854 881 1875 cum
899 1843 1002 1876 Alex.
1021 1844 1277 1887 Cuningamio,
1305 1848 1405 1880 cuius
1431 1850 1622 1893 plerasque

145 1908 259 1929 vanas
285 1900 510 1931 coniecturas
536 1901 689 1942 recepit,
722 1901 914 1933 temerario
945 1902 1105 1933 novandi
1130 1907 1261 1935 conatu
1286 1906 1450 1938 veritatis
1483 1918 1525 1940 ac
1549 1919 1622 1941 mo-

147 1955 287 1988 destiae
320 1956 452 1989 lineam
493 1958 704 2000 saepissime
742 1958 937 1991 transilire.
995 1959 1123 1991 Cetera
1158 1960 1200 1992 de
1241 1962 1317 1994 eius
1355 1974 1464 2006 opera
1493 1976 1527 1998 v.
1562 1977 1619 2008 ap.

143 2013 297 2056 Cuning.

235 2071 294 2114 59)
312 2071 400 2104 Phil.
433 2072 476 2112 Q.
494 2072 584 2104 Hor.
600 2072 655 2105 Fl.
677 2073 844 2105 Carmina
858 2074 966 2106 nitori
983 2084 1047 2106 suo
1062 2076 1244 2117 restituta,
1264 2082 1457 2110 accurante
1475 2079 1618 2122 Steph.

142 2128 274 2160 Andr.
301 2129 521 2171 philippe.
549 2132 665 2163 Paris.
687 2132 786 2164 1746.
816 2132 870 2165 12.
919 2132 987 2164 Ed.
1013 2132 1129 2164 nitida
1153 2134 1411 2177 emendateque
1438 2148 1617 2179 expressa.

142 2185 277 2217 Auctor
309 2197 327 2218 e
354 2186 537 2231 Sanadoni
568 2188 783 2220 lectionibus
817 2189 891 2221 fere
922 2192 1021 2221 totus
1052 2189 1202 2232 pendet3
1235 2193 1369 2234 proprii
1401 2204 1526 2236 parum
1557 2200 1619 2228 aut

141 2243 229 2274 nihil
254 2243 377 2276 habet.

232 2300 291 2343 60)
318 2302 441 2333 Frane.
484 2301 721 2344 Philippus
734 2304 923 2336 Francis
940 2305 1085 2337 Horatii
1110 2315 1219 2347 opera
1233 2306 1364 2339 Latine
1382 2309 1469 2340 etin
1492 2320 1617 2343 versus

142 2357 291 2399 Anglice
317 2369 492 2390 conversa
516 2361 683 2402 notisque
710 2365 1032 2406 commentatorum
1057 2363 1201 2395 selectis
1226 2364 1379 2406 Anglica
1401 2366 1526 2408 lingua
1550 2371 1620 2410 pri-

141 2423 235 2445 mum
271 2414 356 2446 1743
393 2415 520 2455 edidit,
559 2417 659 2449 cuius
692 2428 758 2451 nos
788 2430 922 2451 nonam
956 2420 1010 2452 ed.
1049 2420 1227 2462 (Londini
1258 2421 1359 2454 1791.
1392 2425 1413 2455 4
1443 2425 1536 2458 Voll.
1565 2427 1616 2470 8.)

140 2470 253 2502 nitide
276 2474 311 2503 et
337 2472 524 2505 emendate
547 2473 758 2515 impressam
782 2477 1048 2518 usurpavimus.
1098 2479 1234 2510 Textus
1261 2489 1303 2510 ex
1324 2480 1550 2524 Cuningamii
1575 2495 1618 2517 ac

142 2527 325 2560 Sanadoni
350 2528 455 2561 editis
481 2529 633 2571 prodiit,
659 2541 726 2563 nec
752 2533 944 2575 quicquam
967 2534 1043 2566 fere
1066 2536 1201 2577 proprii
1223 2535 1344 2569 habet.

233 2584 290 2628 61)
305 2585 431 2618 Sandh.
459 2587 667 2627 Q.Hor.Fl.
686 2598 807 2630 opera.
825 2590 980 2622 Londini
1000 2601 1057 2633 ap.
1074 2592 1188 2624 Guil.
1207 2592 1397 2636 Sandby.
1415 2595 1560 2628 Τ.Ι.ΙΙ.
1581 2597 1614 2629 8.

140 2642 266 2674 Nitida
296 2646 331 2675 et
363 2653 446 2675 rara
471 2644 600 2685 editio,
636 2645 680 2678 35
712 2645 836 2688 figuris
869 2658 951 2680 aere
976 2649 1099 2681 incisis
1126 2653 1265 2682 ornata.
1317 2651 1453 2684 Textus
1482 2654 1519 2685 in
1545 2655 1618 2696 ple-

141 2700 260 2741 risque
285 2701 537 2742 Baxterianus.
586 2703 719 2735 Variae
743 2703 918 2737 lectiones
951 2709 986 2738 et
1013 2707 1241 2739 coniecturae
1264 2708 1422 2741 virorum
1447 2710 1542 2744 doct.
1571 2713 1617 2744 ad

142 2756 277 2788 calcem
299 2757 464 2800 additae,
489 2759 683 2791 nonnullae
708 2760 851 2802 quidem
876 2772 948 2794 non
971 2763 1061 2794 satis
1086 2763 1269 2796 distincte.

234 2814 292 2856 62)
319 2815 417 2847 Batt.
453 2817 571 2857 '„Les
595 2818 738 2859 poesies
764 2818 944 2851 d'Horace
969 2820 1147 2862 traduites
1171 2831 1215 2853 en
1238 2822 1444 2864 Francois“
1470 2828 1616 2858 auctore

142 2871 234 2903 Car.
261 2872 466 2905 Batteux.
493 2875 674 2907 Amsterd.
701 2876 800 2908 1762.
829 2877 957 2908 2V011.
991 2877 1042 2909 12.
1072 2876 1201 2920 (prima
1224 2879 1340 2912 Paris.
1369 2881 1476 2922 1750,
1502 2882 1617 2915 altera

145 2928 262 2970 1753).
313 2930 467 2963 Textum
480 2931 638 2964 Batteux
661 2937 744 2975 post
769 2933 967 2976 longiorem
983 2935 1247 2978 praefationem
1272 2947 1314 2969 ex
1339 2939 1616 2982 antiquioribus,

0 3258 454 3434 Q
