2057 3412
322 254 374 291 5ss
873 258 980 289 non.
1014 258 1266 289 SERMONUM

328 363 554 415 Custoch,
587 362 752 415 lectica,
782 360 1019 413 ciniflones,
1048 362 1278 416 parasitae,

326 431 397 472 Ad
425 429 534 470 talos
565 430 675 471 stola
704 430 893 471 demissa
923 433 964 469 et
990 427 1255 469 circumdata
1284 427 1419 483 palla3

240 507 302 539 100
327 497 529 549 Plurima,
561 512 670 552 quae
700 498 924 539 invideant
952 510 1059 551 pure

1090 509 1297 552 apparere
1323 496 1401 536 tibi
1423 511 1525 537 rem.

439 563 602 618 Altera,
635 564 695 606 nil
725 565 895 606 obstat:
938 563 1039 605 Cois
1070 563 1150 606 tibi
1180 578 1317 620 paene
1349 563 1499 604 videre
1532 568 1596 604 est

327 632 387 674 Ut
416 631 598 686 nudam,
628 647 682 673 ne
714 647 838 674 crure
868 631 994 686 malo,
1025 647 1079 673 ne
1110 633 1165 673 sit
1195 631 1304 687 pede
1334 632 1474 687 turpi,
1506 639 1509 641 “

326 699 473 740 Metiri
502 700 642 754 possis
677 699 801 741 oculo
831 699 956 741 latus.

1017 700 1088 741 An
1115 699 1195 741 tibi
1225 699 1363 740 mavis

328 766 516 808 Insidias
544 767 651 820 fieri,
682 767 954 824 pretiumque
986 768 1178 822 avellier,
1212 773 1312 808 ante

239 850 299 883 105
328 834 466 886 Quam
498 850 684 876 mercem
722 836 928 877 ostendi?
967 862 1023 867 —
1060 835 1324 892 Leporem
1359 840 1590 876 venator
1620 842 1674 877 ut
1704 836 1815 877 alta

325 902 384 943 In
412 903 533 944 nive
564 909 827 956 sectetur,
856 904 1093 959 positum
1126 905 1203 944 sic
1235 909 1461 958 tangere
1492 904 1671 944 nolit:

327 970 770 1027 Cantat,etadponit:
802 971 970 1012 »Meus
1001 976 1081 1012 est
1107 984 1254 1011 amor
1284 970 1411 1011 huic
1444 971 1665 1025 similis,
1698 987 1814 1013 nam

325 1037 679 1079 »Transvolat
699 1040 750 1079 in
768 1039 940 1080 medio
968 1039 1140 1094 posita
1169 1043 1217 1079 et
1235 1037 1505 1092 fugientia
1527 1045 1813 1094 captam<—

323 1105 504 1146 Hiscine
535 1106 761 1148 versiculis
791 1121 939 1163 speras
970 1105 1050 1147 tibi
1076 1120 1203 1161 posse
1234 1105 1403 1147 dolores

241 1193 306 1226 110
329 1174 474 1229 Atque
505 1179 673 1228 aestus,
707 1189 916 1231 curasque
947 1174 1094 1229 gravis
1125 1188 1146 1214 e
1177 1178 1352 1229 pectore
1380 1173 1507 1214 tolli?

329 1241 496 1296 Nonne,
523 1242 798 1298 cupidinibus
828 1248 988 1283 statuat
1015 1247 1170 1282 natura
1201 1241 1375 1282 modum
1406 1256 1554 1297 quem,

329 1308 447 1361 Quid
477 1310 636 1363 latura,
670 1309 753 1351 sibi
783 1310 887 1366 quid.
913 1311 968 1351 sit
999 1309 1186 1352 dolitura
1215 1315 1442 1363 negatum,

328 1376 548 1429 Quaerere
577 1377 674 1433 plus
705 1378 904 1433 prodest,
937 1383 978 1419 et
998 1378 1126 1418 inane
1148 1375 1404 1417 abscindere
1430 1376 1585 1418 soldo‘?

325 1510 428 1537 nostr.
464 1505 566 1538 Dorv.
596 1504 628 1536 1.
665 1504 742 1546 Gtg.
779 1505 811 1536 2.
841 1515 896 1546 ap.
932 1503 1049 1535 Lamb.

324 1552 390 1592 alq.
411 1561 467 1584 un.
488 1561 543 1593 ap.
559 1550 668 1584 Pulm.
708 1551 793 1582 Edd.
811 1551 946 1582 Mediol.
964 1551 1047 1581 477.

324 1598 380 1629 80.
415 1598 531 1629 Venet.
565 1596 644 1629 478.
680 1596 735 1629 79.
772 1598 846 1628 dum
875 1598 933 1639 off.
969 1597 1049 1627 Mss-

325 1645 430 1677 nostri
463 1644 583 1676 Graev.
620 1644 698 1675 Bas.
740 1644 766 1675 l.
801 1643 888 1686 Gph.
923 1644 956 1676 2.
993 1652 1048 1683 ap.

324 1690 441 1722 Lamb.
465 1695 495 1722 et
517 1690 664 1723 Turneb.
692 1690 758 1730 alq.
779 1700 836 1723 un.
865 1700 919 1732 ap.
940 1689 1047 1720 Pulm.

324 1747 379 1768 un.
410 1747 465 1778 ap.
498 1736 628 1770 Bersm.
660 1746 717 1770 un.
753 1746 808 1778 ap,
845 1736 946 1776 Cruq.
986 1735 1049 1766 Ed.

324 1783 402 1814 Ald.
431 1784 456 1817 Ι,
491 1793 560 1814 cum
594 1783 652 1824 off.
681 1783 764 1815 Msc.
795 1792 853 1814 un.
881 1792 935 1823 ap.
964 1781 1047 1812 Bad.

323 1839 379 1863 un,
411 1839 465 1870 ap,
492 1829 603 1862 Iacck.
631 1847 671 1851 —
701 1830 858 1869 officient.
893 1829 973 1861 Mss.
1012 1838 1053 1859 ex

322 1876 446 1908 nostris
472 1875 571 1907 Bern.
594 1886 623 1907 a.
656 1875 776 1907 Graev.
803 1876 898 1918 Lips.
917 1874 949 1906 1.
967 1875 998 1905 2.
1017 1873 1049 1908 3.

325 1922 411 1953 Mon.
442 1922 472 1955 l.
500 1923 531 1954 2.
559 1921 590 1954 3.
620 1923 652 1953 5.
680 1921 761 1952 Drd.
787 1923 820 1955 2.
839 1922 871 1954 3.
889 1923 922 1955 ssl.
952 1921 1049 1952 Dess.

323 1971 356 2000 2.
393 1967 427 2000 3.
465 1967 553 2009 Gph.
585 1969 615 2000 l.
651 1968 726 2010 Grtg.
760 1970 793 2000 2.
833 1969 912 2000 Msc.
949 1967 1048 2007 Cruq.

324 2016 357 2053 l,
382 2024 413 2046 a.
446 2020 590 2055 quatuor
610 2025 666 2056 ap.
693 2014 799 2047 Puhn.
824 2020 967 2055 quatuor
994 2024 1048 2055 ap.

323 2062 408 2093 Pott.
427 2061 486 2092 alii
504 2071 559 2103 ap.
577 2062 692 2095 Feam.
724 2061 809 2093 Edd.
829 2061 919 2101 quod
933 2061 1048 2097 sciam,

324 2117 451 2139 omncs.
500 2108 659 2148 officiunt.
705 2107 784 2140 Mss.
836 2118 878 2139 ex
927 2107 1049 2138 nostris

324 2155 420 2185 Dess.
459 2154 487 2185 l.
526 2154 605 2185 Drd.
639 2153 666 2185 1.
702 2154 779 2185 Bas.
817 2154 846 2186 1.
879 2153 910 2185 3.
949 2153 1048 2184 Ment.

325 2200 399 2242 Gtg.
430 2199 458 2231 1.
488 2198 573 2241 Gph.
601 2202 630 2232 2.
659 2198 690 2231 3.
715 2210 794 2231 mss,
824 2210 877 2242 ap.
896 2200 992 2239 Cruq.
1020 2203 1050 2229 et

322 2247 406 2278 Pott.
437 2245 523 2287 pqu.
558 2246 624 2277 duo
651 2256 704 2286 ap.
733 2246 860 2277 Bcrsm.
893 2251 960 2277 tres
995 2255 1047 2286 ap.

323 2293 429 2324 Pulm.
448 2298 515 2323 tres
536 2303 589 2335 ap.
606 2293 681 2324 Val.
700 2302 755 2323 un.
774 2302 828 2334 ap.
848 2292 927 2324 Bad.
948 2291 1047 2323 Orell.

324 2340 355 2371 d.
374 2338 453 2381 p.S.
482 2343 513 2370 et
538 2339 569 2370 b.
589 2350 606 2370 c
632 2337 755 2380 (corr.)
782 2339 840 2369 alii
866 2337 1045 2380 ap.Larnb.

321 2391 352 2417 et
381 2385 527 2416 Turnel).
556 2385 642 2416 Adv.
676 2385 728 2422 ll,
755 2384 809 2417 23.

365 2430 428 2473 98)
450 2432 612 2471 parasiti.
643 2430 722 2462 Msc.
747 2437 832 2462 nost.
861 2431 935 2462 Bas.
956 2429 987 2464 3.

365 2477 424 2519 99)
453 2478 595 2509 demissa
607 2479 703 2511 stola.
724 2477 804 2509 Msc.
823 2481 907 2508 nost.
920 2476 1046 2519 Gph.:2.

320 2542 363 2546 —
385 2526 485 2564 palla
500 2524 660 2557 Plurima.
689 2523 801 2565 (nulla
830 2522 926 2565 dist.)
959 2523 1045 2556 Edd.

322 2571 459 2602 Ascens.
480 2571 503 2602 Ι.
532 2570 606 2602 Bas.
622 2571 698 2602 527.
726 2571 810 2604 Ven.
829 2570 905 2603 540.
924 2571 975 2604 44.
991 2570 1044 2604 53.

320 2616 445 2648 Bersm.
475 2615 555 2648 Cun.
582 2616 718 2648 Wakef.
744 2617 866 2656 Duviq.
893 2634 935 2639 —
962 2627 1046 2659 quae

320 2663 475 2694 invideat.
512 2663 595 2694 Edd.
623 2663 706 2694 Veu.
733 2662 811 2695 553.
838 2663 973 2696 Wakef.
1002 2682 1045 2686 ——

322 2708 383 2739 Hie
412 2719 532 2740 versus
565 2707 609 2740 99
642 2713 719 2751 post
747 2709 812 2742 100
848 2710 979 2752 positus
1012 2712 1045 2742 in

322 2764 400 2785 mss.
428 2755 551 2786 nostris
576 2755 722 2788 Dess.1.
750 2756 830 2788 Drd.
854 2757 880 2788 l.
909 2762 940 2787 et
963 2757 1046 2788 duo-

321 2800 385 2831 bus
412 2810 467 2842 ap.
493 2801 622 2833 Bersm.

371 2846 448 2887 101)
462 2845 597 2885 Altera,
609 2848 655 2878 nil
664 2847 783 2881 obstat.
798 2846 854 2879 Sic
865 2847 1041 2882 distBaxt.

319 2891 417 2924 Ges-n.
442 2893 556 2924 Heind.
570 2892 616 2933 (q.
636 2894 683 2934 v.)
709 2893 790 2925 Zell.
813 2893 914 2927 Mein.
938 2894 1038 2927 Orell.

1090 1503 1165 1534 th.
1183 1502 1256 1534 le.
1274 1502 1388 1534 de.
1413 1502 1493 1535 Sine
1510 1503 1586 1535 dist.
1605 1504 1682 1535 edd.
1701 1504 1814 1546 vulgo.

1092 1568 1134 1571 —
1170 1551 1216 1581 nil
1250 1549 1376 1581 obstat:
1414 1550 1489 1582 Cois
1519 1549 1578 1581 tibi
1606 1561 1716 1591 paene
1748 1552 1814 1582 vicl.

1091 1601 1152 1629 est.
1198 1595 1253 1627 Sic
1280 1595 1380 1638 vulgo
1407 1597 1483 1628 dist.
1528 1597 1574 1628 m'l
1606 1597 1715 1628 obstat
1742 1598 1817 1629 Cois

1090 1642 1167 1674 tibi:
1187 1652 1294 1683 paene
1317 1643 1382 1676 vid.
1403 1648 1463 1674 est.
1492 1641 1548 1674 Sic
1565 1642 1642 1675 dist.
1658 1643 1815 1681 Aldinae,

1091 1688 1179 1720 Glar.
1209 1689 1246 1720 R.
1271 1688 1386 1730 steph.
1421 1689 1537 1721 Lalnb.
1571 1689 1667 1721 Fabr.
1702 1689 1815 1722 Sclnn.

1089 1736 1135 1766 nil
1165 1734 1274 1766 obstat
1302 1735 1397 1766 Cois:
1431 1735 1489 1767 tihi
1516 1745 1625 1775 paene
1654 1737 1720 1770 vicl.
1755 1741 1815 1768 est.

1092 1780 1148 1812 Sic
1180 1781 1257 1812 dist.
1291 1780 1438 1814 Bouhier
1477 1791 1530 1823 ap.
1564 1782 1720 1814 Prunelle
1752 1783 1816 1814 Re-

1090 1837 1248 1867 marques
1274 1837 1306 1869 p.
1330 1829 1383 1860 57.
1409 1846 1452 1850 —-
1477 1828 1584 1860 Clzois.
1613 1828 1691 1860 Mss.
1711 1830 1817 1861 nostri

1090 1873 1183 1905 haud
1207 1874 1327 1915 pauci,
1356 1874 1432 1906 edd.
1461 1879 1540 1907 vett.
1567 1880 1644 1906 ante
1669 1875 1746 1907 Ald.
1775 1876 1814 1908 ΙΙ.

1091 1921 1172 1952 satis
1205 1920 1312 1951 inulti.
1346 1939 1390 1943 —
1422 1920 1567 1953 Chlorz'n.
1604 1921 1683 1953 Mss.
1712 1923 1817 1954 nostri

1090 1967 1190 1999 Ment.
1217 1966 1292 1999 Bas.
1321 1967 1336 1998 1
1371 1967 1439 2009 (vel
1472 1967 1569 1999 Clzoz's
1596 1968 1730 2010 supsc.)
1761 1979 1814 2010 ap.

1088 2013 1204 2044 Lamb.
1226 2012 1292 2054 alq.
1304 2023 1358 2045 un.
1377 2014 1750 2056 ap.Tu1·neb.Adv.1l‚
1761 2014 1814 2048 23.

1090 2060 1148 2091 Ed.
1168 2060 1294 2091 Bersm.
1321 2078 1363 2082 —
1390 2060 1448 2093 tihi
1462 2070 1551 2100 pone
1565 2062 1629 2094 vid.
1647 2066 1708 2094 est.
1733 2061 1814 2093 Msc.

1090 2111 1173 2138 nost.
1203 2105 1277 2148 Gtg.
1300 2107 1330 2138 2.
1365 2107 1448 2137 Edd.
1476 2106 1611 2138 Mediol.
1638 2107 1716 2139 486.
1749 2108 1816 2139 Vc-

1090 2158 1154 2183 nel.
1181 2152 1257 2183 478.

1138 2197 1220 2238 102)
1243 2198 1286 2230 Ut
1305 2198 1436 2229 medum.
1454 2198 1535 2229 Mso.
1557 2208 1613 2232 un.
1639 2209 1693 2241 ap.
1711 2198 1811 2240 Cruq,

1089 2255 1203 2276 —nec
1229 2254 1337 2275 crure.
1364 2244 1445 2275 Msc.
1474 2250 1559 2276 nost.
1589 2245 1670 2277 Drd.
1697 2246 1727 2278 1.
1755 2257 1815 2278 nee

1083 2293 1124 2332 fit
1138 2292 1236 2331 pede.
1266 2291 1347 2322 Msc.
1368 2295 1453 2321 nost.
1477 2290 1552 2333 Gtg.
1573 2291 1588 2323 1
1617 2292 1679 2333 (ad
1706 2302 1812 2333 marg.

1088 2336 1183 2378 sint).
1199 2339 1276 2371 sint.
1297 2337 1382 2368 Edd.
1401 2337 1489 2371 Flor.
1518 2337 1721 2370 482.Venet.
1734 2338 1812 2371 483.

1088 2384 1143 2417 86.
1180 2384 1284 2418 Loch,

1135 2430 1219 2470 103)
1229 2432 1332 2462 oculis
1346 2431 1447 2462 latus.
1460 2429 1542 2463 Msc.
1559 2435 1644 2461 nost.
1666 2430 1768 2465 Dorv.
1781 2432 1813 2465 2.

1133 2476 1216 2513 104)
1243 2478 1389 2509 evellier.
1433 2476 1515 2508 Msc.
1543 2481 1628 2508 nost.
1660 2477 1749 2509 Mon.
1777 2478 1811 2511 2.

1135 2524 1213 2564 105)
1240 2523 1393 2555 ostendit.
1419 2523 1504 2555 Edd.
1529 2523 1616 2555 Flor.
1643 2523 1721 2555 482.
1747 2524 1814 2555 Ve—

1086 2574 1152 2603 net.
1182 2570 1260 2602 479.
1288 2569 1342 2602 83.
1370 2569 1427 2601 80.
1457 2569 1560 2602 Loeh.
1590 2569 1677 2600 Crat.
1706 2575 1814 2602 osten-

1085 2616 1156 2647 dat.
1197 2616 1278 2648 Msc.
1324 2621 1409 2648 nost.
1447 2616 1541 2646 Dess.
1585 2616 1617 2649 2.
1659 2626 1716 2650 un,
1755 2626 1810 2658 ap,

1084 2662 1212 2694 Bersm.
1237 2662 1404 2694 ostendis?
1428 2662 1489 2695 Ed.
1518 2661 1596 2695 Bas.
1626 2662 1704 2693 527.
1725 2663 1811 2694 Ven.

1134 2754 1216 2795 106)
1242 2754 1282 2785 In
1299 2754 1370 2784 nive
1383 2757 1539 2785 sectetur.
1567 2754 1647 2785 Mss.
1677 2758 1708 2785 et
1731 2754 1808 2786 edd.

1084 2802 1197 2843 vulgo.
1245 2804 1402 2833 sectatur.
1467 2800 1546 2831 Mss.
1597 2810 1639 2831 ex
1687 2802 1810 2832 nostris

1084 2848 1181 2879 Dess.
1210 2848 1242 2878 2.
1273 2846 1351 2877 Drd.
1380 2846 1411 2879 2.
1457 2846 1531 2877 Bas.
1561 2846 1592 2877 3.
1622 2857 1677 2888 ap.
1706 2847 1806 2887 Cruq.

1084 2895 1114 2925 2.
1141 2894 1203 2925 Ed.
1232 2892 1339 2924 Aldus
1378 2890 1449 2932 (qui
1476 2891 1616 2933 indux.)
1642 2903 1692 2933 sq.
1714 2892 1805 2928 Glar,
