2005 3422
290 1017 357 1051 235

374 289 455 328 214

914 292 1024 322 IIOR.
1062 291 1320 322 SERMONUM

376 400 461 441 Hic
489 397 615 439 simul
643 396 809 449 accepit
837 393 1069 449 patrimoni
1100 392 1218 434 mille
1246 392 1421 448 talenta,

379 466 546 516 Edicit,
578 464 767 518 piscator
794 462 880 514 uti,
908 462 1149 516 pomarius,
1183 475 1355 516 auceps,

378 532 417 573 U
422 530 703 585 nguentarius
732 543 782 569 ac
809 528 940 569 Tusci
968 529 1097 570 turba
1125 529 1245 584 inpia
1274 528 1373 580 vici,

379 598 486 642 Cum
520 597 680 637 scurris
709 596 866 649 fartor,
903 610 999 637 cum
1029 595 1219 637 Velabro
1253 609 1377 636 omne
1405 593 1636 636 Macellum

378 666 505 707 Mane
536 664 709 705 domum
739 663 930 704 veniant.

993 662 1110 715 Quid
1138 664 1258 704 tuin?
1291 662 1462 703 Venere
1490 661 1751 716 frequentes,

378 731 525 774 Verba
555 731 660 772 facit
687 730 806 772 leno:
838 729 1085 787 »Quidquid
1114 730 1238 783 mihi,
1270 729 1479 786 quidquid
1509 735 1550 769 et
1579 727 1730 769 horum

378 800 571 856 »Cuique
593 798 709 839 domi
732 803 817 851 est,
843 797 888 838 id
911 797 1037 838 crede
1058 803 1178 839 tuum
1201 803 1241 838 ct
1266 797 1336 838 vel
1362 811 1476 838 nunc
1496 802 1592 852 pete
1605 828 1616 849 ,
1642 795 1712 836 vol
1733 811 1867 837 cras.«

379 868 562 923 Accipe,
594 866 698 922 quid
727 871 877 906 contra
906 865 1075 906 iuvenis
1107 864 1381 920 responderit
1411 877 1595 919 aequus:

379 935 455 976 »In
482 935 583 975 nive
611 933 790 974 Lucana
822 932 981 973 dormis
1015 937 1233 985 ocreatus,
1264 938 1312 972 ut
1341 946 1491 985 aprum

379 1002 565 1048 »Cenem
591 1015 694 1056 ego,
725 1006 772 1041 tu
801 1000 932 1056 piscis
961 998 1143 1040 hiberno
1175 1013 1231 1040 ex
1261 1013 1446 1055 aequore
1477 998 1638 1039 verris:

381 1069 561 1123 »Segnis
589 1082 669 1123 ego
698 1068 904 1122 indignus
932 1066 1004 1123 qui
1030 1072 1197 1107 tantum
1225 1065 1494 1121 possideam:
1527 1065 1662 1118 aufer,

380 1135 534 1178 »Sume
562 1135 644 1177 tibi
673 1135 838 1189 decies3
871 1135 951 1176 tibi
980 1134 1256 1187 tantundem,
1289 1132 1370 1174 tibi
1399 1132 1572 1188 triplex,

380 1204 533 1247 »Unde
561 1218 672 1246 uxor
699 1202 842 1244 media
868 1202 1000 1243 currit
1029 1200 1082 1242 de
1107 1206 1232 1242 nocto
1260 1206 1453 1242 vocata«

386 1354 415 1386 l.
443 1355 475 1386 2.
505 1353 588 1387 Drd.
608 1353 638 1385 1.
654 1355 686 1388 2.
702 1352 736 1389 3.
752 1355 785 1385 4.
813 1353 901 1386 Mon.
921 1353 953 1386 1.
970 1353 1003 1384 2.
1023 1352 1055 1386 3.
1073 1352 1106 1384 5.

383 1401 460 1431 Bas.
492 1401 522 1434 l.
551 1399 583 1431 3.
613 1400 700 1442 Gph.
729 1400 760 1432 1.
790 1400 825 1432 2.
853 1399 930 1441 Gtg.
960 1398 991 1432 1.
1022 1409 1105 1430 11155.

385 1457 440 1488 ap.
466 1446 585 1480 Lanib.
615 1447 682 1486 alq.
717 1456 773 1487 ap,
799 1446 907 1477 Pulm.
949 1451 980 1476 ct
1007 1444 1104 1484 Crnq.

386 1502 522 1530 omnes,
563 1499 629 1524 tres
670 1502 724 1533 ap.
760 1492 888 1523 Bersm.
931 1496 1012 1533 optt.
1052 1500 1107 1531 ap.

386 1540 481 1570 Torr.
509 1544 639 1580 septem
665 1548 721 1580 ap.
740 1538 816 1570 Vai.
834 1538 912 1569 Seli.
936 1539 1014 1570 Aer.
1044 1537 1106 1569 Ed.

387 1585 487 1625 Cruq.
529 1584 611 1625 (qui
643 1582 788 1625 indux.)
827 1595 878 1624 sq.
910 1583 948 1616 H.
989 1582 1106 1624 Steph.

386 1631 492 1665 Bond.
523 1630 745 1664 Dace1·.'sa1·t‚
772 1630 881 1661 Bentl.
908 1629 1006 1663 Baxt,
1025 1630 1107 1662 Unn,

388 1678 469 1710 San.
495 1676 593 1709 Gesn.
620 1675 708 1707 Phil.
738 1676 857 1707 Franc.
877 1676 1004 1709 Sandb.
1033 1674 1109 1705 Val.

388 1723 477 1756 Sivr.
497 1722 633 1756 Wakef.
650 1724 749 1756 Azar.
770 1723 847 1753 Fea.
870 1721 967 1754 Both.
990 1720 1110 1752 Hcind.

388 1769 488 1802 Doer.
513 1769 631 1810 Gamp.
659 1769 744 1799 Pott.
773 1768 874 1802 Mein,
897 1767 980 1801 Zell,
1009 1766 1110 1798 Orell.

388 1816 463 1857 Bip.
496 1815 574 1846 Bur.
616 1815 690 1846 th.
726 1814 802 1848 le,
840 1814 954 1846 Sclnn.
994 1813 1111 1846 de,

389 1862 468 1903 Krg.
508 1861 620 1893 Vincit
643 1861 736 1892 enim.
770 1860 852 1892 Mss.
888 1860 992 1891 nostri
1017 1860 1113 1901 Lips.

392 1908 421 1939 l.
449 1908 482 1941 2.
517 1907 584 1939 Brl.
614 1907 644 1939 1.
682 1906 759 1949 Gtg,
793 1908 827 1941 2.
864 1906 923 1937 alii
954 1916 1009 1948 ap.
1038 1905 1112 1937 Val.

390 1955 475 1986 Feae
502 1955 533 1995 2,
559 1965 588 1985 e.
622 1953 708 1987 Edd.
738 1959 818 1988 vett.
850 1958 925 1984 ante
952 1952 1052 1992 Cruq.
1080 1956 1115 1982 nt

390 2005 490 2043 puto,
523 2010 656 2035 omnes,
689 2006 720 2031 et
744 2000 861 2031 Lami).
893 1998 979 2032 Mur.
1005 1998 1112 2030 Pulm.

391 2047 488 2078 Fabr.
525 2046 603 2080 Bas.
642 2045 721 2078 580.
762 2046 844 2087 Xyi.
883 2045 1112 2078 eliab.T01·r.

390 2094 522 2125 Bersm.
556 2092 596 2126 D.
625 2093 741 2125 Heius.
770 2092 858 2125 Crat.
891 2091 1014 2133 Despr.
1044 2093 1114 2122 Inv.

392 2139 512 2172 Zurck.
538 2139 652 2171 Burm.
682 2138 823 2180 Dorigh.
847 2138 961 2171 Wetz.

437 2186 519 2225 228)
546 2195 587 2216 ac
609 2184 719 2218 Tusci,
744 2185 807 2218 Cit.
837 2184 933 2216 Serv.
959 2184 1001 2215 ad
1028 2185 1112 2215 Aen.

393 2233 426 2271 ἴ),
452 2231 531 2264 560.
560 2236 618 2263 aut
643 2230 750 2263 Tusci.
778 2231 841 2265 Ed.
867 2231 985 2264 Lamb.
1013 2229 1114 2272 (nihil

393 2277 561 2318 monens).

436 2324 523 2366 229)
549 2324 626 2355 Cum
638 2334 772 2355 scurra.
788 2322 870 2354 Msc.
885 2327 969 2353 nost.
982 2321 1069 2363 Gph.
1085 2322 1114 2352 l.

439 2370 522 2411 230)
549 2371 673 2401 domum
686 2370 808 2401 veniat.
830 2369 916 2400 Edd.
935 2367 1113 2401 Flor.482.

392 2418 510 2449 Venet.
528 2416 608 2450 483.
633 2416 687 2449 86.
707 2416 750 2448 92
767 2415 888 2455 (Pinc.)
912 2413 1113 2447 9-1.95.<.›8.

392 2463 530 2495 Mediol.
557 2462 634 2496 508.
666 2463 746 2494 512.
775 2462 879 2493 Loch.
906 2460 1022 2493 Colon.
1039 2472 1067 2494 5,
1085 2471 1114 2491 a.

393 2511 552 2542 Ascenss.
587 2527 634 2533 ·—-
663 2509 750 2548 Quid
777 2511 865 2539 tum?
896 2508 974 2540 Mss.
1011 2507 1116 2538 nostri

393 2566 500 2598 prope
525 2566 654 2587 omnes.
685 2554 786 2587 Orell.
814 2554 846 2585 b.
874 2564 902 2585 e.
931 2553 966 2586 S.
1001 2553 1114 2586 Schol.

393 2604 493 2643 Cruq.
529 2602 612 2633 Edd.
641 2601 754 2644 vulgo.
800 2600 887 2641 Quid
904 2601 1003 2631 tunc?
1035 2601 1113 2633 Msc.

393 2659 447 2690 ap.
473 2649 585 2681 Feam.
615 2648 702 2687 Quid
725 2647 783 2679 tu?
810 2647 883 2678 Duo
910 2657 988 2678 mss.
1016 2646 1115 2677 Feae.

394 2696 481 2735 Quid
511 2696 618 2726 enim?
649 2695 722 2726 Duo
749 2704 829 2725 mss.
857 2703 912 2734 ap.
939 2692 1030 2724 Torr.
1059 2702 1114 2724 un.

397 2752 451 2783 ap.
488 2741 602 2775 Fcam.
648 2741 732 2772 Edd.
769 2740 848 2771 Cun.
882 2738 960 2770 San.
996 2739 1115 2770 Franc.

399 2787 538 2829 Dorigh.
566 2787 629 2826 Qui
649 2792 726 2818 tum.
752 2786 834 2818 Msc.
862 2790 947 2817 nost.
964 2785 1064 2816 Dorv.
1085 2785 1114 2818 l.

398 2833 502 2863 Bentl.
523 2832 576 2865 13.
602 2834 665 2872 Qui
677 2833 763 2864 dum.
780 2832 865 2866 Mso,
882 2836 967 2863 nost.
985 2831 1071 2862 Mon.
1083 2833 1115 2863 2.

396 2879 549 2917 Quicum.
566 2879 645 2912 Mss.
659 2880 746 2911 Feae
760 2880 788 2916 l,
805 2890 833 2910 e.
845 2879 879 2912 k.
901 2878 964 2911 Ed.
976 2877 1083 2909 Bentl.
1101 2888 1118 2908 e

397 2925 482 2956 coni.
492 2935 540 2965 sq.
553 2925 688 2959 VVakef.
700 2926 775 2957 Fea.
786 2924 880 2956 Both.
892 2924 1007 2966 Camp.
1018 2923 1116 2955 Mein.

1193 1349 1279 1392 231)
1318 1349 1477 1391 quidquid
1508 1359 1628 1380 eorum.
1668 1348 1748 1380 Msc.
1785 1349 1872 1381 Feae

1148 1397 1164 1429 1
1179 1421 1188 1436 ,
1218 1407 1251 1428 11.

1192 1442 1274 1485 232)
1301 1447 1385 1474 tuum
1412 1446 1443 1472 ec
1459 1442 1510 1472 vel
1536 1451 1631 1472 nune.
1658 1440 1739 1474 Mss.
1769 1441 1872 1472 nostri

1147 1499 1253 1532 prope
1273 1489 1316 1520 ad
1342 1498 1445 1518 111111111
1470 1496 1603 1526 omnes,
1631 1487 1697 1518 duo
1715 1497 1796 1519 mss.
1815 1497 1870 1529 ap.

1148 1536 1278 1569 Boi-sm.
1317 1534 1377 1565 Ed.
1414 1533 1533 1564 Lamb.
1567 1534 1646 1574 (qui
1680 1534 1786 1567 restit.
1813 1533 1874 1564 sed

1149 1582 1232 1613 nihil
1259 1579 1414 1621 monens)
1437 1585 1513 1621 post
1540 1591 1614 1611 eum
1639 1580 1812 1622 plerique,
1842 1585 1873 1610 et

1151 1633 1286 1659 receutt.
1312 1636 1439 1659 ornnes.
1475 1631 1580 1657 tuum:
1607 1627 1657 1657 vel
1680 1636 1764 1657 nune
1790 1626 1871 1664 (0111.

1150 1678 1212 1714 et).
1240 1674 1321 1706 Mso.
1346 1678 1432 1704 nost.
1457 1672 1533 1714 (th.
1555 1674 1587 1704 2.
1613 1673 1678 1703 duo
1706 1682 1787 1704 mss.
1815 1683 1870 1714 ap.

1152 1721 1281 1753 Bersm.
1308 1718 1393 1750 Edd.
1413 1723 1488 1749 vett.
1520 1724 1595 1749 ante
1620 1718 1738 1751 Lamb.
1767 1730 1797 1758 q.
1824 1728 1872 1749 sc.

1153 1776 1287 1804 omnes,
1333 1770 1363 1795 ct
1393 1764 1490 1795 Fabr.
1532 1765 1617 1797 Mur.
1652 1764 1731 1806 Xyl.
1767 1764 1872 1796 Chal).

1154 1813 1242 1844 Crat.
1272 1811 1358 1843 Rod.

1200 1856 1286 1899 2:33)
1325 1861 1443 1888 contra
1474 1857 1610 1889 iuvenis.
1649 1856 1731 1888 Mss.
1764 1856 1876 1899 pauci,

1154 1915 1197 1936 ex
1234 1905 1357 1935 nostris
1394 1902 1481 1945 Gph.
1523 1903 1553 1936 1.
1596 1903 1673 1936 Bas.
1718 1903 1747 1934 l.
1793 1913 1875 1934 msc..

1154 1951 1263 1982 Pulm.
1290 1950 1322 1984 6.
1351 1949 1395 1983 al.
1424 1959 1478 1990 ap.
1506 1949 1582 1982 Val.
1606 1948 1708 1982 Orell.
1727 1948 1762 1983 S,
1788 1948 1875 1980 Edd.

1156 1996 1291 2031 Mediol.
1325 1995 1404 2028 486.
1449 1995 1527 2026 ΑΜ.
1562 1997 1588 2029 Ι.
1625 1997 1668 2027 Π.
1701 1996 1758 2029 ΙΙΙ.
1800 1995 1878 2026 hinc

1155 2044 1232 2076 edd.
1256 2043 1371 2085 vulgo.
1399 2047 1516 2073 contra
1532 2041 1615 2073 llaec·
1633 2043 1768 2074 iuvenis.
1795 2041 1875 2072 Mss.

1155 2090 1261 2122 nostri
1281 2090 1380 2131 longe
1406 2088 1563 2130 plurimi,
1590 2088 1683 2131 Lips.
1701 2088 1732 2122 l.
1750 2088 1771 2119 2
1785 2087 1878 2130 (con-

1156 2142 1210 2168 tra
1232 2136 1306 2175 hoe)
1333 2136 1364 2168 3.
1394 2135 1461 2166 Brl.
1485 2136 1512 2166 l.
1540 2135 1643 2166 Dorv.
1667 2135 1697 2168 l.
1714 2136 1745 2166 2.
1773 2134 1874 2168 Mem,

1155 2183 1251 2214 Dess.
1283 2182 1312 2213 l.
1340 2183 1371 2212 2.
1400 2181 1480 2214 Drd.
1509 2181 1541 2212 1.
1569 2182 1600 2214 2,
1627 2182 1659 2213 3.
1688 2180 1776 2212 Mon.
1796 2181 1875 2213 l.·.'.

1155 2228 1187 2261 3.
1216 2230 1248 2261 5.
1275 2228 1350 2259 Bas.
1367 2227 1398 2259 3.
1426 2227 1502 2269 Gtg.
1524 2227 1555 2261 l.
1577 2228 1609 2259 2.
1638 2226 1714 2261 Gth.
1738 2228 1768 2258 ⁴2.
1795 2236 1877 2260 mss,

1156 2276 1193 2306 R.
1229 2274 1347 2316 Steph.
1387 2284 1442 2315 ap.
1478 2272 1578 2314 Cruq,
1621 2273 1689 2314 alq.
1731 2273 1879 2313 quinque

1156 2332 1211 2363 ap.
1246 2320 1354 2352 Pulrn.
1388 2326 1455 2351 tres
1488 2330 1542 2361 ap.
1570 2320 1699 2353 Bersm.
1728 2319 1793 2350 duo
1820 2329 1876 2360 ap.

1156 2369 1252 2401 Torr.
1288 2367 1409 2408 viginti
1441 2366 1590 2406 quinque
1624 2376 1680 2407 ap.
1716 2365 1791 2397 Yal.
1827 2367 1878 2407 (Υ)

1157 2418 1299 2455 quatuor
1324 2423 1379 2454 ap.
1409 2412 1525 2445 Comb.
1553 2412 1795 2454 septemdecim
1821 2422 1876 2454 ap.

1154 2461 1275 2498 Feam,
1310 2469 1391 2490 mss.
1419 2469 1474 2500 ap.
1502 2459 1587 2490 Pott.
1615 2468 1750 2497 omnes,
1777 2457 1877 2490 Orell.

1155 2507 1188 2540 b.
1217 2517 1244 2537 e.
1270 2516 1304 2548 p.
1332 2504 1376 2536 M.
1420 2505 1507 2538 Edd.
1538 2509 1616 2538 vett.
1652 2510 1727 2536 ante
1755 2504 1877 2536 Aldum

1156 2554 1314 2594 (praeter
1350 2551 1486 2584 Mediol.
1526 2551 1618 2592 480⁴)
1667 2560 1750 2591 quos
1797 2550 1878 2589 vidi,

1157 2609 1290 2637 omnes,
1319 2604 1350 2630 et
1376 2599 1535 2630 Ascenss.
1562 2603 1632 2628 tum
1648 2597 1724 2629 Val.
1746 2602 1777 2628 et
1790 2597 1876 2629 Pott.

1201 2645 1284 2686 234)
1316 2644 1356 2675 In
1381 2646 1464 2676 nive.
1501 2644 1579 2677 mss.
1608 2644 1714 2675 nostri
1739 2648 1770 2675 et
1795 2642 1879 2675 alio-

1155 2702 1248 2729 rum,
1281 2697 1315 2722 ut
1348 2696 1448 2733 puto,
1483 2700 1610 2722 omues.
1647 2688 1762 2721 Schol.
1800 2690 1876 2720 Aer.

1156 2738 1257 2778 Cruq,
1280 2737 1364 2770 Edd.
1386 2736 1500 2778 vulgo.
1525 2735 1575 2766 Tu
1590 2737 1672 2767 nive.
1694 2735 1752 2768 Ed.
1770 2734 1876 2766 Bentl.

1157 2796 1172 2816 e
1206 2785 1292 2816 coni.
1328 2784 1427 2824 (ante
1457 2793 1532 2813 eum
1568 2781 1630 2812 Th.
1667 2781 1812 2812 Iohnson
1845 2782 1876 2812 in

1157 2836 1224 2862 not.
1259 2831 1301 2861 ad
1337 2829 1485 2860 Graiium
1523 2838 1555 2869 p.
1589 2827 1653 2868 20)
1689 2838 1740 2868 sq.
1778 2827 1875 2858 Baxt.

1157 2878 1257 2909 Gesn.
1286 2876 1367 2907 Cnn.
1396 2874 1476 2906 San.
1502 2873 1638 2905 XVakef.
1666 2874 1781 2904 Franc.
1811 2873 1876 2904 Do-

1158 2922 1246 2965 righ.
1274 2922 1384 2954 XN‘etz.
1420 2938 1463 2942 —
1496 2921 1618 2952 dormis
1647 2925 1681 2951 tic
1708 2924 1873 2952 ocreatus.
