2047 3433
404 320 497 348 XLII
646 319 828 349 INDICES
861 316 1097 347 Llnlwlwm
1130 318 1258 347 MSST.
1279 317 1349 346 -E'r
1381 318 1637 347 Elu'rOltUM.

403 423 542 454 lloratii
568 433 677 464 opera
702 422 871 452 librorum
895 432 980 452 mss,
1009 431 1075 462 ope
1101 421 1292 453 emendata
1317 421 1534 463 scholiisque
1560 422 1742 454 illustrata
1768 422 1879 454 edidit

401 480 618 520 Antvorpiae
655 490 711 520 ap.
739 479 887 510 Nutium
920 478 1018 518 „sub
1045 478 1226 510 ciconiis“
1254 479 1290 510 in
1313 479 1396 512 8νὸ.
1427 480 1543 511 titulis
1575 491 1653 512 cum
1686 482 1878 511 metrorum

400 536 700 577 descriptionibus
738 536 810 567 fere
842 547 883 567 cx
911 536 1042 568 Aldina
1066 537 1114 568 ΙΙ.
1151 537 1343 578 desumtis,
1381 539 1442 570 sed
1469 539 1689 580 argumentis
1720 539 1878 570 locorum

400 593 660 635 copiosioribus
686 592 731 624 ad
758 593 937 633 margines
964 594 1177 634 paginarum
1203 595 1355 636 additis,
1383 596 1550 628 Aldinum
1571 600 1708 629 textum
1728 596 1879 638 plerum—

400 662 467 693 que
493 654 650 682 secutus.
701 650 772 682 Sed
798 651 910 691 idem,
943 654 1025 692 post
1056 651 1148 683 hanc
1183 663 1214 684 a.
1243 653 1332 685 1564
1358 655 1566 698 repetitam,
1601 655 1795 695 pleniorem
1821 664 1878 685 cu-

399 710 492 741 ravit
520 709 731 749 editionem,
770 720 878 751 opera
909 720 975 741 sua
1003 720 1083 741 cum
1107 710 1257 750 Mureti,
1294 712 1462 743 Lambini
1488 712 1709 754 aliorumque
1735 711 1878 753 scriptis

399 767 551 807 collata,
590 767 763 808 Antverp.
798 778 856 808 ap.
889 767 1098 799 Plantinum
1133 778 1165 799 a.
1202 769 1397 801 lotioslz’.
1462 769 1681 801 Pulmannus
1715 769 1878 801 undecim

398 826 561 858 codicum
587 835 732 857 suorum
760 825 932 858 lectiones
955 836 1092 857 sumnia
1115 837 1193 857 cum
1220 826 1288 858 fide
1313 837 1355 859 ac
1382 827 1571 868 diligentia
1596 830 1782 868 excerptas
1807 837 1879 858 una

398 894 477 914 cum
493 884 588 915 notis
603 884 794 925 praecipue
812 894 854 915 ex
871 884 1029 915 Turnebi
1046 884 1271 915 Adversariis
1296 885 1489 926 depromtis
1506 886 1542 916 in
1558 885 1625 917 hac
1649 885 1703 916 ed.
1721 885 1879 926 publica-

399 941 451 972 vit
473 951 684 982 omnemque
701 944 892 982 propterea
914 941 1056 972 laudem
1075 944 1243 973 meretur.
1277 934 1344 974 E‘d.
1363 943 1475 974 Basil.
1498 943 1587 975 1580
1613 954 1674 975 eas
1695 943 1876 984 repetivit.

489 998 547 1040 36)
564 999 668 1032 Fabr.
696 1000 764 1038 „Q.
780 999 869 1030 Hor.
887 999 943 1030 Fl.
963 1003 1131 1040 poemata
1144 1000 1326 1032 illustrata
1343 1002 1565 1043 argumentis
1582 1004 1617 1033 et
1631 1002 1878 1043 castigationi-

399 1058 464 1088 bus
491 1056 680 1098 Georgii
702 1056 910 1087 Fabricii
938 1056 1319 1089 Cliemnicensis.“
1369 1059 1517 1099 Lipsiae
1536 1059 1755 1091 1571.1578.
1774 1059 1875 1091 1588.

398 1125 486 1156 quas
513 1114 688 1145 editiones
714 1113 886 1144 habemus
911 1113 956 1145 ad
981 1115 1151 1155 paginam
1177 1115 1270 1147 inter
1295 1126 1333 1147 se
1359 1117 1626 1148 convenientes.
1676 1117 1878 1158 Epistolam

398 1171 658 1203 dedicatoriam
688 1173 722 1202 et
757 1180 899 1202 carmen
927 1170 1062 1203 heroic.
1091 1171 1136 1202 ad
1162 1172 1214 1203 Io.
1244 1173 1439 1205 Sturmium
1473 1175 1606 1216 excipit
1634 1177 1774 1215 textus,
1808 1175 1879 1206 sin-

398 1230 490 1272 gulis
517 1229 605 1261 Odis
638 1231 832 1260 metrorum
862 1229 1166 1270 descriptionibus
1194 1230 1384 1272 praefixis,
1415 1234 1490 1263 tum
1519 1232 1726 1264 Carminum
1747 1244 1880 1275 genera

399 1291 433 1319 et
458 1287 583 1319 Index.
634 1286 856 1328 Argumenta
891 1290 926 1318 et
961 1288 1221 1329 castigationes
1253 1290 1448 1331 separatim
1479 1290 1608 1322 editae.
1659 1291 1722 1323 Ge.
1754 1291 1879 1323 Fabri-

399 1346 492 1385 eius,
525 1345 585 1386 qui
610 1344 810 1376 Basileensi
844 1355 985 1386 quoque
1018 1345 1073 1376 ed.
1101 1355 1133 1376 a.
1163 1346 1252 1378 1555
1278 1347 1454 1387 praefuit,
1490 1347 1590 1378 libris
1621 1358 1707 1380 mss.
1741 1348 1878 1390 aliquot

399 1404 563 1442 adiutus,
589 1405 728 1433 textum
755 1403 798 1432 ab
824 1402 893 1433 hac
919 1402 1100 1434 diversum
1121 1403 1316 1435 secundum
1342 1405 1507 1435 Lambini
1533 1405 1587 1436 ed.
1616 1416 1659 1437 ex
1684 1416 1769 1438 mss.
1797 1407 1878 1438 sub—

398 1461 480 1492 inde
506 1461 724 1502 castigatum
755 1460 927 1492 exhibuit.
978 1460 1200 1501 Argumenta
1227 1465 1261 1493 et
1295 1463 1548 1494 annotationes
1574 1464 1721 1505 cognitu
1748 1464 1877 1506 dignae

399 1518 566 1550 subtilem
590 1519 659 1549 viri
685 1518 883 1550 doctrinam
911 1521 945 1550 et
971 1518 1094 1550 iudicii
1121 1519 1338 1561 elegantiam
1362 1521 1529 1562 produnt.

492 1576 548 1618 37)
574 1576 652 1619 Xyl.
686 1578 754 1617 „Q.
772 1577 859 1608 Hor.
877 1576 931 1607 Fl.
949 1579 1117 1617 poemata
1138 1577 1335 1608 secundum
1349 1578 1502 1619 optimas
1520 1589 1680 1620 quasque
1699 1578 1877 1610 editiones

398 1635 668 1667 accuratissime
700 1635 898 1676 castigata,
931 1644 1011 1665 cum
1043 1635 1263 1676 argumentis
1294 1639 1329 1666 et
1363 1636 1457 1667 notis
1492 1636 1603 1668 Guil.
1634 1636 1876 1689 Xylaner

398 1692 641 1733 Augustani.“
690 1691 856 1723 Heidelb.
885 1691 986 1723 1575.
1014 1690 1047 1722 8.
1097 1691 1168 1722 Hic
1192 1692 1248 1722 vir
1282 1692 1325 1723 de
1355 1692 1517 1733 pluribus
1552 1694 1787 1734 scriptoribus
1813 1694 1874 1726 Gr.

399 1754 432 1781 et
457 1751 559 1782 Rom.
591 1749 860 1788 meritissimus,
894 1748 1084 1780 Professor
1113 1748 1196 1780 olim
1222 1749 1388 1781 Heidelb.
1416 1753 1498 1791 post
1533 1751 1667 1782 editum
1693 1751 1782 1783 Hor.
1815 1751 1877 1782 im-

396 1811 538 1839 matura
562 1810 675 1838 morte
700 1807 889 1848 abreptus,
915 1807 1048 1838 bonam
1072 1806 1164 1838 hanc
1189 1810 1318 1848 poetae
1345 1807 1399 1839 ed.
1428 1808 1584 1848 curavit,
1613 1809 1782 1841 Glareani
1802 1812 1876 1841 tex-

395 1869 472 1898 tum
505 1876 584 1897 cum
616 1865 774 1905 delectu,
809 1875 879 1896 non
913 1865 989 1896 sine
1015 1868 1208 1896 msstorum
1235 1865 1424 1905 subsidiis,
1458 1869 1497 1897 ut
1522 1866 1683 1907 videtur,
1719 1870 1876 1909 secutus,

397 1925 488 1956 bene
522 1927 556 1955 et
589 1923 777 1955 emendate
802 1933 1008 1964 expressam
1041 1926 1076 1955 et
1107 1923 1258 1964 primam
1292 1924 1467 1963 omnium,
1502 1926 1542 1955 ut
1567 1927 1671 1965 puto,
1705 1925 1877 1966 quinariis

395 1992 563 2013 versuum
599 1982 756 2013 numeris
794 1981 1019 2021 distinctam,
1070 1992 1221 2023 eamque
1258 1981 1553 2013 annotationibus
1593 1982 1683 2013 satis
1723 1983 1877 2024 copiosis

396 2040 616 2081 cognituque
645 2039 763 2080 dignis
797 2039 952 2070 ornavit.
1003 2039 1045 2070 In
1076 2039 1294 2080 Appendice.
1318 2050 1350 2071 a.
1386 2039 1474 2071 1576
1504 2043 1587 2081 post
1619 2039 1878 2083 Prolegomena

396 2097 439 2128 de
463 2097 552 2128 Hor.
585 2096 663 2127 vita
695 2106 737 2128 ac
766 2096 867 2137 poesi
902 2096 1195 2127 commentarium
1226 2097 1263 2127 in
1289 2097 1331 2128 A.
1365 2098 1545 2138 poeticam
1575 2108 1647 2129 non
1679 2099 1877 2140 perfectum

397 2154 560 2196 reliquit,
589 2154 645 2185 cui
670 2154 783 2185 Index
807 2154 999 2185 verborum
1022 2154 1179 2186 additus.

488 2211 546 2253 38)
572 2212 671 2253 Crch.
709 2212 794 2243 Iac.
815 2211 1037 2253 Cruquius
1063 2212 1265 2243 Messenius
1289 2214 1481 2253 postquam
1506 2222 1538 2243 a.
1560 2213 1648 2244 1565
1671 2212 1799 2243 librum
1811 2214 1875 2246 IV.

396 2270 620 2309 Carminum,
655 2271 690 2300 et
714 2269 802 2301 1573
829 2270 1017 2301 Sermones
1044 2270 1239 2310 separatim
1266 2269 1395 2309 edidit,
1430 2270 1582 2310 primum
1608 2280 1640 2301 a.
1673 2270 1760 2303 1578
1784 2271 1874 2303 Hor.

396 2338 505 2369 opera
536 2338 580 2359 ex
612 2327 779 2358 undecim
811 2326 912 2358 libris
946 2338 1030 2358 mss.
1073 2327 1335 2369 antiquissimis
1376 2327 1566 2359 emendata
1599 2331 1634 2359 et
1663 2327 1877 2370 largissimis

396 2385 661 2418 commentariis
692 2384 875 2416 illustrata
904 2384 1069 2426 vulgavit
1094 2385 1268 2426 Antverp.
1296 2387 1354 2426 ap.
1382 2384 1601 2417 Plautinum.
1629 2386 1662 2417 ί1.
1699 2386 1787 2418 haec
1820 2387 1874 2419 ed.

396 2443 588 2485 aliquoties
620 2442 776 2483 repetita
803 2452 835 2473 a.
865 2441 954 2474 1597
981 2442 1096 2474 denuo
1124 2453 1257 2474 excusa
1283 2447 1355 2483 est,
1390 2443 1513 2474 addito
1546 2446 1668 2475 vetere
1694 2444 1877 2477 Commen-

395 2504 514 2532 tatore
549 2511 592 2532 ex
624 2510 709 2532 mss.
742 2499 945 2531 Blandiniis
978 2501 1189 2541 praesertim
1225 2500 1332 2541 (unde
1364 2501 1472 2532 etiam
1507 2501 1705 2533 Satirarum
1739 2502 1876 2541 titulos,

396 2558 593 2598 Tantalus,
631 2557 872 2599 Cupiennius,
900 2557 1096 2599 Tigellius,
1132 2558 1319 2599 Crispinus
1345 2562 1430 2590 cett.
1460 2559 1606 2598 sumsit,
1642 2559 1737 2600 quod
1759 2559 1795 2590 in
1821 2559 1877 2591 In-

396 2616 623 2647 troductione
656 2615 831 2647 historica
863 2615 1040 2647 incertum
1079 2615 1308 2657 reliquimus,
1349 2619 1431 2657 post
1466 2627 1508 2647 ex
1540 2616 1615 2647 eius
1646 2616 1799 2659 Epilogo
1832 2617 1877 2649 ad

396 2675 584 2704 Lectorem
610 2672 858 2715 cognovimus)
892 2674 1011 2712 eruto,
1046 2672 1168 2704 addito
1193 2683 1334 2714 quoque
1362 2673 1463 2704 Iani
1488 2674 1667 2704 Dousae
1693 2673 1876 2705 Commen-

396 2730 526 2761 tariolo
560 2741 639 2762 cum
672 2731 749 2762 eius
783 2730 1010 2762 Suc-cidanea
1042 2730 1252 2772 appendice.
1304 2729 1500 2771 Cruquius,
1542 2730 1717 2771 interpres
1749 2730 1876 2763 doctus

397 2788 459 2818 sed
492 2788 675 2828 garruluS,
715 2788 850 2829 passim
883 2788 998 2819 taedii
1032 2788 1178 2829 plenus,
1224 2787 1419 2819 salutarem
1451 2791 1571 2821 tamen
1606 2798 1649 2819 ex
1683 2799 1768 2820 mss.
1801 2790 1875 2821 suis

396 2845 548 2876 Horatio
584 2856 727 2886 operam
759 2846 961 2887 praestitit,
1004 2846 1171 2877 Lambini
1203 2848 1339 2876 textum
1369 2845 1578 2886 plerumque
1607 2848 1769 2886 secutus,
1813 2847 1875 2879 sed

396 2901 582 2942 permultis
610 2902 699 2933 locis
732 2904 959 2935 emendatum
986 2906 1020 2935 et
1046 2904 1081 2934 in
1111 2903 1237 2934 melius
1263 2902 1482 2934 restitutum.
1531 2902 1605 2933 Nos
1636 2902 1773 2935 duabus
1799 2905 1875 2936 eius

398 2958 478 2991 edd.
505 2969 537 2990 a.
567 2958 653 2991 1597
681 2963 715 2991 et
739 2960 841 2992 1611.
869 2963 902 2992 4.
932 2971 1024 3003 quae
1049 2961 1186 3003 optima
1211 2960 1380 2999 habetur,
1405 2960 1462 2991 usi
1488 2970 1622 2992 sumus.
