2005 3422
342 278 355 314 1
371 278 419 314 10
881 280 991 311 noR.
1024 279 1278 310 SERMONUM

335 384 555 438 »Namque
586 388 651 422 est
670 381 756 435 ille,
775 388 898 438 pater
920 382 1036 438 quod
1067 386 1158 421 erat
1190 394 1348 420 meus.«
1371 406 1422 409 -—-
1438 379 1534 419 Hoc
1554 377 1634 418 tibi
1657 378 1817 418 Paulus

339 452 394 491 Et
424 448 612 490 Messala
644 449 838 491 videris?
876 449 935 489 At
964 448 1052 502 hic,
1080 448 1116 489 si
1146 447 1310 503 plostra
1339 447 1523 489 ducenta

338 518 692 571 Concurrantque
724 515 818 556 foro
849 515 933 555 tria
957 515 1131 568 funera,
1162 529 1320 569 magna
1349 516 1520 557 sonabit

339 585 513 626 Cornua
543 583 660 640 quod.
689 584 920 638 vincatque
950 583 1077 624 tubas
1091 598 1106 623 :-
1132 582 1284 623 saltem
1309 589 1428 624 tenet
1452 583 1532 627 hoc
1563 602 1655 628 nos,

450 652 576 694 Nunc
607 651 662 692 ad
686 665 754 691 me
783 651 913 692 redeo
941 651 1141 691 libertino
1164 655 1286 705 patre
1316 651 1490 707 natum,

338 721 476 772 Quem
506 720 666 762 rodunt
697 733 843 761 omncs
875 718 1076 759 libertino
1105 723 1227 773 patre
1253 724 1428 772 natum3

338 788 463 829 Nunc
494 789 595 844 quia
623 801 717 828 sum
747 785 848 839 tibi,
879 784 1130 837 Maecenas,
1163 785 1406 840 convictor,
1437 794 1481 829 at
1509 789 1630 842 olim,

338 856 466 907 Quod
492 855 597 896 mihi
626 860 798 913 pareret
824 853 937 908 legio
965 853 1161 894 Romana
1188 851 1375 894 tribuno.

337 923 563 965 Dissimile
592 923 674 964 hoc
698 922 763 963 illi
794 927 878 962 est:
911 921 1012 976 quia
1039 934 1147 972 non,
1178 924 1226 960 ut
1252 918 1378 961 forsit
1407 920 1612 963 honorem

274 1002 319 1034 50
340 992 439 1032 Iure
468 990 575 1031 mihi
599 990 794 1031 invideat
815 989 976 1045 quivis,
1005 987 1065 1027 ita
1092 992 1134 1027 te
1166 1000 1335 1042 quoque
1365 989 1573 1043 amicum,

338 1058 601 1099 Praesertim
631 1064 803 1098 cautum
832 1056 986 1109 dignos
1017 1055 1264 1107 adsumere,
1295 1069 1432 1110 prava

338 1125 588 1167 Ambitione
617 1124 782 1181 procul.

842 1122 1034 1163 Felicem
1063 1122 1206 1163 dicere
1236 1136 1322 1162 non
1350 1121 1431 1163 hoc

339 1194 410 1235 Me
435 1195 616 1253 possim,
650 1206 754 1234 casu
776 1189 891 1248 quod
920 1195 963 1230 te
995 1189 1170 1230 sortitus
1202 1189 1408 1230 amicum:

385 1300 448 1342 41)
474 1301 621 1342 Namque
654 1299 704 1329 illi
740 1302 840 1337 pater
874 1300 923 1327 est
964 1295 1061 1336 quod.

339 1348 425 1381 Mse..
453 1352 539 1378 nost.
569 1347 664 1387 Lips,
692 1345 725 1376 2,
759 1353 814 1374 un.
848 1352 902 1383 ap.
930 1341 1059 1374 Bersm,

339 1413 386 1417 —
408 1403 495 1424 meus
521 1393 608 1433 qaod
632 1396 708 1421 erat
723 1394 839 1429 paler.
865 1387 948 1420 Msc.
977 1392 1061 1419 nost.

341 1441 438 1472 Dess.
476 1439 505 1471 l.
549 1438 615 1469 duo
649 1446 731 1467 mss.
765 1445 820 1475 ap.
855 1434 980 1464 Bersm.
1019 1451 1062 1454 —

340 1486 487 1526 Namque
514 1485 569 1515 ille
597 1488 666 1519 est,
702 1486 814 1521 pater.
859 1480 938 1510 Msc.
974 1484 1060 1510 nost.

340 1533 434 1574 Lips.
459 1531 489 1563 I.
516 1530 577 1560 Ed.
602 1531 742 1560 Aseens.
770 1527 800 1560 1.
828 1544 870 1548 —
897 1526 952 1566 qui
975 1530 1059 1556 erat.

341 1579 422 1609 Msc.
459 1581 544 1609 nost.
582 1575 670 1617 Gph.
707 1574 737 1605 1.
779 1572 858 1613 qaid
884 1576 968 1603 erat.
1001 1571 1061 1602 Ed.

341 1623 445 1655 Loeh.
471 1641 514 1645 —
539 1622 678 1653 Paulus.
708 1618 764 1650 Sic
786 1628 867 1649 mss.
890 1618 995 1648 nostri
1021 1617 1063 1647 ad

343 1680 446 1700 111111111
474 1678 607 1705 omnes,
635 1672 666 1697 et
690 1666 762 1696 sine
789 1664 891 1695 dubio
920 1663 1063 1694 aliorum

343 1725 488 1755 quoque.
516 1713 629 1745 Schol.
650 1713 727 1744 Aer.
757 1710 844 1743 Edd.
867 1714 947 1740 vett.
974 1718 1062 1740 saec.

343 1762 417 1792 XV.
435 1760 598 1798 Aldinae,
628 1761 783 1789 Ascenss.
805 1756 883 1786 Bas.
911 1756 990 1787 527.
1008 1755 1062 1786 55.

344 1807 434 1839 Glar.
466 1807 505 1838 R.
536 1805 653 1847 Steph.
681 1803 778 1834 Fabr.
808 1802 892 1832 Mur.
919 1800 996 1841 Xyl.
1021 1801 1061 1831 H.

342 1853 461 1895 steph.
488 1853 616 1883 Bersm.
647 1849 752 1882 Bond.
781 1847 914 1881 Rodell.
942 1847 1062 1879 Dacer.

343 1901 433 1931 Tart.
459 1900 578 1939 Dcspr.
598 1898 670 1929 luv.
689 1894 776 1926 Phil.
799 1894 925 1925 8311111).
944 1894 1062 1925 Franc.

342 1945 433 1977 Sivr.
471 1943 611 1985 Dorigh.
650 1940 787 1973 Wakef.
827 1940 940 1971 Wetz.
985 1939 1061 1980 Bip.

344 1992 442 2023 Both.
480 1992 562 2023 Pott.
591 1989 716 2028 Duviq.
756 1987 906 2018 Paullus.
940 1985 1061 2018 Ceteri.

342 2038 459 2080 (Nom.
492 2046 606 2079 propr.
634 2035 778 2069 Paulus,
814 2033 870 2066 Gr,
900 2029 1062 2069 Παῦλος,

342 2094 408 2116 uno
426 2086 538 2115 lrecte
554 2082 722 2117 scribitur,
749 2088 951 2119 quamquam
966 2079 1064 2109 etiam

343 2131 494 2166 Paullus,
521 2129 644 2160 Pazclla
669 2128 701 2157 in
727 2125 899 2166 lapidibus
924 2129 955 2155 et
971 2134 1064 2154 1111111-

343 2177 407 2207 mis
434 2176 659 2206 inveuiiuitur.
688 2182 720 2204 v.
740 2171 817 2204 Ald,
843 2170 982 2201 Manutii
1006 2171 1065 2200 Or-

343 2223 452 2264 thogr.
493 2231 526 2263 p.
559 2220 625 2252 569
656 2229 706 2257 sq.
746 2217 867 2248 Ceilar.
907 2215 1062 2256 Orthogr.

344 2269 397 2299 011.
423 2267 541 2299 Harles
574 2276 607 2308 p.
634 2265 712 2297 307.
747 2269 778 2294 et
801 2262 960 2293 Schneid.
990 2261 1065 2291 Ele-

344 2314 497 2346 mentarl.
525 2323 558 2353 p.
576 2311 655 2344 413.
686 2311 765 2340 Item
783 2305 898 2348 paulo,
916 2308 1063 2347 paulum,

343 2360 505 2402 paulatim
536 2358 639 2389 nostri
672 2356 769 2387 codd.
799 2354 869 2385 fere
895 2363 1010 2385 omues
1035 2358 1066 2383 et

345 2411 424 2448 optt.
451 2406 594 2445 ubique,
627 2403 717 2443 quod
738 2401 891 2441 &Vaguer
917 2399 1067 2429 vindieat

345 2462 400 2492 ap.
433 2451 555 2492 virgil.
589 2449 745 2489 Orthogr.
774 2448 878 2487 Verg.
910 2456 945 2486 p.
969 2443 1064 2482 464).

390 2496 450 2536 42)
480 2497 644 2527 Messala.
679 2494 736 2524 Sic
759 2503 840 2524 mss.
867 2492 969 2522 nostri
997 2491 1066 2531 ple-

346 2544 456 2583 rique.
490 2543 582 2583 LipS.
611 2541 641 2572 1.
670 2541 703 2573 2,
728 2538 760 2570 3.
790 2539 883 2569 Dess.
915 2538 943 2568 1.
972 2539 1004 2570 2,
1033 2536 1063 2567 3,

347 2589 412 2621 Brl.
440 2588 471 2619 l.
498 2588 580 2619 Drd.
610 2588 636 2620 l.
659 2587 692 2619 2.
715 2585 745 2617 3.
764 2584 797 2617 4.
828 2584 914 2615 Mon.
939 2583 968 2615 1.
985 2585 1015 2613 2.
1033 2582 1063 2612 3.

345 2634 433 2675 Gph.
465 2633 493 2664 1.
521 2634 564 2664 al.
591 2632 670 2665 Sch.
700 2631 778 2661 Acr-
810 2630 897 2662 Edd.
928 2628 1064 2661 Mediol,

344 2681 421 2711 477.
448 2678 504 2712 86.
534 2680 653 2710 Venct.
679 2676 757 2708 478.
782 2675 826 2707 92
852 2674 978 2716 (Pina.)
1005 2674 1067 2705 Co-

346 2726 412 2755 l‹›u.
447 2735 476 2755 s.
504 2735 534 2758 a,
579 2724 734 2759 Aldinae,
777 2722 936 2754 Aseenss.
976 2721 1064 2752 Glar.

346 2771 383 2800 R.
418 2771 535 2811 steph.
571 2770 648 2802 Bas.
683 2769 760 2799 527.
793 2768 846 2799 55.
874 2767 930 2798 80.
966 2766 1063 2797 Fabr.

347 2816 425 2855 X51.
468 2817 505 2848 ll.
541 2815 658 2856 Steph.
704 2813 790 2845 Crat.
832 2813 936 2844 Chab.
976 2812 1063 2843 Rod.

347 2861 464 2892 baeer.
481 2861 572 2891 Tart.
599 2862 716 2900 llespr.
739 2859 833 2892 Baxt,
854 2859 966 2889 Burin.
982 2858 1064 2889 Cun.

346 2905 426 2938 San.
468 2907 536 2936 Iuv.
578 2905 663 2935 Phil.
699 2904 774 2936 Val.
807 2904 931 2935 Sandb.
975 2902 1063 2935 Sivr.

1102 1293 1242 1335 Dorigh.
1277 1293 1414 1325 Wakef.
1452 1295 1551 1327 Azar.
1589 1296 1700 1327 Wctz.
1740 1295 1821 1328 Fea.

1102 1339 1225 1370 Heind.
1252 1340 1351 1371 Doer.
1378 1340 1476 1375 Both,
1505 1342 1587 1373 Zell.
1616 1341 1708 1375 lahn.
1739 1343 1822 1372 Pott.

1102 1386 1223 1425 Duviq.
1242 1386 1318 1428 Bip.
1338 1387 1438 1418 Mein.
1465 1388 1543 1418 Bur.
1573 1388 1743 1419 Massala.
1759 1387 1820 1418 Ed.

1102 1431 1206 1463 Lot-h.
1234 1432 1418 1464 Massalla.
1447 1434 1507 1465 Ed.
1536 1434 1623 1466 Flor.
1649 1433 1727 1466 482.
1757 1433 1824 1463 Ve—

1103 1483 1169 1510 net.
1207 1477 1284 1509 479.
1323 1479 1380 1512 83.
1419 1481 1475 1513 86.
1520 1479 1700 1512 Messalla,
1738 1478 1820 1509 Edd.

1103 1525 1219 1556 Venet.
1239 1523 1318 1555 404.
1335 1524 1390 1556 95).
1413 1526 1469 1559 98.
1498 1525 1634 1557 Mediol.
1652 1524 1728 1556 508.
1746 1524 1823 1556 512.

1101 1569 1219 1602 Lamb.
1250 1570 1334 1604 Mur.
1370 1571 1469 1612 Cruq:
1500 1572 1625 1602 Bcrsm.
1660 1570 1754 1601 Torr.
1782 1570 1822 1601 D.

1102 1616 1217 1647 Heius.
1248 1617 1353 1648 Bond.
1384 1618 1447 1650 Btl.
1477 1618 1594 1659 Camp.
1622 1616 1723 1648 Orell.
1747 1616 1822 1647 th.

1102 1662 1217 1692 de.
1234 1663 1313 1704 Krg.
1334 1663 1519 1704 (Messala,
1540 1663 1716 1700 Messalla,
1733 1666 1823 1693 utra-

1103 1719 1166 1748 que
1204 1707 1312 1739 forma
1343 1709 1375 1739 in
1414 1710 1559 1739 nummis
1593 1714 1624 1739 et
1659 1708 1823 1749 inscriptt.

1103 1757 1224 1787 exstat.
1254 1764 1284 1784 v.
1311 1755 1478 1786 Drakenb.
1515 1755 1557 1786 ad
1590 1754 1663 1785 Liv.
1699 1755 1756 1791 27,
1789 1754 1823 1786 5.

1103 1799 1221 1830 Harlcs
1237 1799 1394 1842 Orthogr.
1414 1800 1538 1842 p.287.
1568 1799 1728 1832 Schneid.
1749 1799 1825 1830 Ele-

1104 1846 1258 1877 mentarl.
1286 1857 1321 1888 p.
1339 1847 1418 1878 4ll.
1445 1847 1575 1879 Nolteu.
1595 1846 1678 1877 Lex.
1698 1855 1732 1886 p.
1746 1845 1823 1878 114.

1104 1892 1270 1923 Messalla
1295 1892 1489 1934 praeferunt
1516 1893 1637 1923 Mauut.
1666 1891 1822 1933 Orthogr.

1104 1949 1138 1980 p.
1157 1938 1221 1970 511
1249 1938 1422 1973 etConun,
1446 1939 1489 1970 ad
1507 1939 1576 1972 Cic.
1602 1938 1710 1979 Epist.
1734 1938 1823 1968 Fam.

1103 1985 1199 2022 VIII,
1233 1986 1267 2015 4.
1311 1984 1494 2027 Spauhem.
1530 1985 1571 2015 de
1603 1988 1728 2025 praest.
1764 1992 1825 2012 uu—

1103 2031 1215 2064 mism.
1246 2032 1269 2063 I.
1300 2041 1331 2072 p.
1362 2031 1426 2062 129
1454 2043 1471 2062 0
1501 2031 1610 2062 Fastis
1642 2028 1823 2070 capitolin.

1103 2077 1246 2116 aliisque
1284 2077 1450 2118 iuscriptt.
1489 2082 1519 2107 et
1558 2076 1713 2106 nummis.
1758 2073 1826 2105 8011

1106 2123 1260 2154 Messala
1302 2129 1492 2154 constanter
1526 2123 1558 2152 in
1592 2122 1738 2151 nunnnis
1769 2130 1824 2160 ap.

1106 2169 1213 2200 Goltz.
1243 2169 1342 2199 etiam
1369 2169 1533 2209 Augustei
1559 2168 1653 2207 aevi,
1682 2166 1825 2205 aliisque

1105 2215 1271 2255 inscriptt,
1301 2225 1354 2256 ap.
1385 2214 1516 2245 Gruter.
1549 2219 1579 2244 et
1605 2213 1703 2246 alios.
1732 2211 1826 2242 Mes-

1103 2262 1178 2291 sala
1211 2261 1301 2302 apud
1334 2260 1504 2291 Tibullum
1535 2263 1725 2290 constanter
1755 2266 1825 2288 ser-

1105 2312 1183 2337 vant
1220 2307 1297 2339 edd.
1340 2305 1531 2336 Broukhus.
1574 2305 1679 2345 Hcyn.
1718 2302 1823 2336 Bach.

1104 2352 1244 2384 Luclnn.
1266 2351 1420 2393 Disscn.)
1437 2370 1483 2375 —
1501 2351 1649 2382 videris?
1668 2349 1724 2380 Sic
1741 2359 1823 2380 mss.

1104 2399 1209 2429 nostri
1249 2398 1342 2439 Lips.
1380 2398 1410 2431 1.
1443 2398 1475 2428 2.
1518 2396 1560 2427 al.
1594 2395 1708 2427 Schol.
1744 2396 1822 2425 Aer.

1105 2444 1190 2476 Edd.
1220 2444 1377 2475 Ascenss.
1402 2444 1516 2474 Burin.
1544 2441 1653 2473 Bentl.
1681 2446 1712 2471 et
1736 2440 1824 2471 hunc

1105 2491 1210 2522 secuti
1245 2496 1381 2521 receutt.
1419 2489 1489 2520 I'ere
1521 2498 1649 2520 omnes.
1689 2483 1826 2517 Videris

1106 2537 1193 2576 (sine
1227 2537 1410 2576 interrog.)
1448 2534 1567 2566 Ceteri.
1602 2550 1645 2554 —
1679 2534 1822 2571 plostra.

1106 2582 1185 2615 Mss,
1215 2583 1319 2613 nostri
1348 2581 1434 2622 pqu.
1460 2578 1584 2620 Porph.
1619 2588 1703 2610 msc.
1736 2582 1822 2609 nost.

1107 2628 1188 2658 Edd.
1223 2627 1324 2668 vulgo
1356 2631 1433 2668 post
1459 2625 1602 2659 Aldutu,
1636 2624 1692 2663 qui
1726 2624 1824 2654 redu-

1105 2675 1164 2704 xit.
1196 2675 1365 2714 plaustra.
1402 2671 1481 2701 Mss.
1514 2669 1618 2700 nostri
1652 2670 1753 2701 Dorv,
1788 2670 1822 2700 2.

1104 2719 1171 2750 Brl.
1191 2720 1221 2751 1.
1250 2719 1344 2751 Dess.
1363 2719 1393 2749 2.
1411 2716 1444 2749 3.
1476 2716 1557 2748 Drd.
1577 2716 1609 2745 2.
1632 2716 1664 2751 4,
1680 2725 1712 2746 3.
1732 2715 1822 2745 Mon.

1105 2766 1135 2798 3.
1167 2766 1242 2796 Bas.
1273 2763 1303 2794 1.
1331 2763 1363 2796 3.
1392 2762 1480 2803 Gph.
1510 2761 1536 2791 1.
1565 2762 1597 2793 2.
1626 2761 1702 2802 (jtg.
1731 2760 1761 2793 1.
1789 2761 1821 2790 2.

1105 2821 1184 2842 mss,
1212 2809 1313 2843 Orell.
1342 2809 1374 2839 d.
1404 2818 1438 2848 p.
1483 2806 1569 2837 Edd.
1597 2812 1672 2837 ante
1699 2806 1823 2836 Aldum

1106 2856 1226 2897 vulgo.
1253 2860 1284 2885 et
1298 2855 1455 2885 Ascenss.
1485 2853 1574 2883 Tart.
1601 2851 1720 2893 Despr.
1748 2852 1821 2883 Iuv.

1106 2901 1191 2934 Phil.
1222 2900 1337 2931 Frane.
1364 2899 1437 2940 Bip.
1466 2899 1544 2928 Bur.
