2007 3434
425 314 612 345 INDICES
644 312 882 343 LIBRORUM
914 311 1042 341 MSST.
1076 311 1133 339 ET
1165 308 1420 338 EDITORUM.
1545 306 1659 336 XLIII

277 419 335 461 30)
362 420 405 451 H.
423 418 535 459 steph.
571 418 795 449 Henrieus
817 416 1091 458 Stephanus,
1122 414 1269 446 Roberti
1289 412 1401 452 filius,
1424 412 1500 454 ipso
1517 412 1659 443 nomine

184 477 424 516 clarissimus,
464 479 605 517 praeter
637 474 857 516 praeclaram
889 483 1032 514 operam
1066 471 1146 503 aliis
1180 470 1415 512 scriptoribus
1447 469 1659 511 praestitam

184 535 227 566 de
262 534 414 566 Horatio
450 544 592 575 quoque
621 532 813 573 aliquoties
847 531 942 562 edito
976 531 1109 571 optime
1141 530 1288 561 meritus
1323 532 1389 560 est.
1449 528 1571 559 Prima
1602 527 1658 559 ed.

187 592 319 633 prodiit
344 602 372 623 s,
397 591 420 623 l.
446 594 481 622 et
508 601 540 622 a.
568 589 698 630 (Paris.
724 589 826 630 1577)
853 590 886 619 8.
913 599 992 619 cum
1019 587 1164 619 scholiis
1191 587 1237 618 acl
1262 583 1376 627 marg.
1404 585 1547 625 additis,
1575 585 1659 616 Dia-

185 650 287 681 tribis
314 652 348 681 et
374 648 416 680 ‹le
440 648 520 689 ipsa
545 647 600 679 ed.
628 650 662 678 et
686 647 729 678 (le
756 645 1068 677 observationibus
1094 644 1139 676 ad
1156 645 1245 676 Hor.
1295 644 1336 675 In
1362 643 1430 674 fine
1451 643 1562 674 Index
1590 643 1660 673 sin-

186 706 348 747 gularum
374 715 501 736 vocum
526 715 584 746 ap.
611 705 700 735 Hor.
750 703 874 734 Altera
900 702 1049 733 Parisiis
1076 711 1108 733 a.
1137 700 1240 733 1588.
1267 702 1299 733 8.
1330 701 1373 732 ab
1403 700 1483 740 illa,
1519 704 1661 741 practer

186 763 401 795 scholiorum
425 762 754 804 locupletationem,
784 760 927 791 diversa
945 759 1079 800 passim
1099 758 1263 790 lectionis
1289 758 1559 797 constitutione,
1586 761 1660 788 tum

185 821 350 853 secundis
376 820 540 852 diatribis
568 818 710 861 (tribus)
738 829 780 850 ex
806 818 931 849 critico
952 827 1082 857 genere
1108 816 1237 848 differt.
1288 816 1412 847 Tertia
1437 826 1468 847 a.
1498 815 1597 848 1600.
1625 818 1658 846 8.

186 890 229 911 ex
255 878 369 910 altera
394 889 563 920 expressa
587 877 674 908 nillil
702 877 785 907 novi
818 875 940 915 affert,
978 875 1039 906 sed
1063 875 1100 905 in
1124 874 1279 906 lectione
1305 884 1384 905 cum
1413 883 1455 904 ea
1486 883 1556 904 non
1585 874 1660 904 ubi-

186 946 254 977 que
280 937 447 968 convenit
471 934 541 977 (ex.
568 946 621 978 gr.
647 936 695 966 II.
723 935 800 966 Sat.
818 936 850 974 4,
867 932 923 965 37.
951 943 1112 964 averrere
1134 932 1192 978 ed.
1211 932 1239 963 I.
1256 932 1305 963 II.
1331 936 1484 963 avertere
1509 930 1661 971 ed.III.)

185 993 351 1026 Ceterum
383 994 451 1025 hae
477 993 745 1035 Stephanianae
772 992 816 1023 ad
843 991 994 1033 paginas
1022 994 1057 1022 et
1089 1000 1214 1022 versus
1244 990 1338 1021 inter
1363 999 1400 1020 se
1432 989 1662 1030 respondent,

186 1051 249 1083 sed
281 1051 395 1093 prima
427 1051 574 1092 reliquis
609 1049 833 1081 emendatius
867 1058 1036 1089 expressa
1073 1046 1131 1089 (ex
1163 1058 1215 1089 gr.
1241 1048 1291 1079 II.
1319 1047 1394 1079 Sat.
1421 1046 1462 1086 6,
1489 1047 1545 1078 71.
1578 1047 1663 1079 villi-s·

185 1109 247 1141 illa
271 1112 385 1148 reete,
413 1109 468 1140 ed.
492 1108 541 1140 II.
567 1111 602 1139 et
627 1107 695 1138 III.
723 1105 849 1147 villae).
900 1107 1012 1137 Henr.
1037 1105 1240 1146 Stephanus
1267 1115 1346 1136 cum
1367 1104 1551 1144 Lambini,
1578 1104 1663 1136 Cru-

187 1168 279 1209 quii,
305 1166 463 1199 Fabricii
489 1165 620 1206 copiis,
647 1168 722 1195 tum
751 1164 825 1195 suis
853 1164 990 1205 aliquot
1016 1164 1185 1195 subsidiis
1212 1173 1230 1194 e
1257 1162 1356 1194 libris
1383 1172 1468 1193 mss.
1495 1173 1597 1202 usus,
1624 1163 1659 1193 in
1679 1187 1692 1195 .,

186 1229 289 1258 textu
321 1223 572 1256 constituendo
600 1222 814 1253 Lambinuin
839 1221 1030 1262 praecipue
1056 1221 1236 1261 sequitur,
1271 1219 1333 1250 sed
1361 1220 1504 1260 proprio
1530 1220 1662 1262 ubique

187 1282 329 1315 delectu
361 1284 397 1313 et
429 1280 553 1312 subtili
590 1280 723 1311 iudicio
758 1278 932 1310 adhibito.
992 1279 1082 1309 Tres
1115 1278 1191 1309 eius
1228 1277 1403 1308 editiones
1435 1277 1662 1318 contulimus,

187 1350 309 1372 earum
336 1338 573 1370 differentiam
598 1336 733 1378 passim
759 1338 941 1367 notantes.

276 1397 334 1439 40)
360 1396 471 1429 Basil.
499 1395 578 1428 580.
609 1394 687 1426 Fol.
726 1394 795 1433 „Q.
822 1393 910 1424 Hor.
938 1391 993 1423 Fl.
1023 1401 1132 1432 opera
1160 1391 1476 1432 grammaticorum
1500 1393 1564 1423 XL
1588 1395 1662 1423 tam

186 1455 375 1496 antiquiss.
411 1463 518 1495 quam
549 1452 814 1484 neotericorum
845 1449 1110 1482 commentariis
1136 1449 1173 1480 in
1204 1459 1314 1480 unum
1341 1459 1470 1490 corpus
1502 1449 1662 1480 collectis

185 1512 368 1544 illustrata
394 1510 513 1543 cett.“
547 1510 714 1542 Basileae
738 1519 801 1550 per
823 1508 966 1541 Sebast.
993 1507 1236 1548 Henricpetri.
1276 1507 1376 1540 1580.
1425 1507 1527 1538 Haec
1554 1506 1663 1538 editio

187 1569 510 1612 (Henrieopetrina
545 1567 673 1609 tertia)
707 1566 822 1598 nitide
853 1567 1093 1606 accurateque
1125 1565 1318 1606 impressa,
1352 1564 1561 1606 plenissima
1592 1565 1665 1596 Ho-

186 1627 350 1659 ratianae
373 1626 540 1658 lectionis
566 1625 729 1657 subsidia
753 1634 867 1666 usque
893 1623 939 1655 ad
964 1622 1053 1654 illud
1077 1624 1217 1664 tempus
1245 1623 1390 1664 cognita
1415 1622 1620 1662 continens,
1647 1633 1665 1653 e

187 1685 370 1727 superiore
396 1684 552 1716 editione
580 1694 601 1715 a
628 1683 796 1715 Fabricio
823 1682 912 1714 1555
945 1684 1071 1714 curata
1095 1681 1372 1713 scholiastarum
1398 1680 1540 1722 quidem
1573 1691 1665 1712 com-

186 1743 380 1774 mentarios
407 1745 442 1774 et
466 1741 642 1783 reliquum
667 1743 882 1782 apparatum
908 1750 1047 1771 omnem
1072 1739 1228 1780 repetiit,
1256 1739 1292 1769 in
1315 1741 1417 1770 textu
1433 1741 1552 1769 tamen
1568 1738 1664 1769 haud

186 1810 302 1842 pauca
328 1799 524 1831 secundnm
539 1798 726 1837 Lambini,
753 1797 961 1836 Pulmanni,
989 1798 1036 1828 H.
1061 1796 1235 1837 Stephani
1262 1806 1366 1827 curas
1393 1795 1582 1827 emendata
1607 1795 1665 1827 de-

187 1858 252 1889 dit.
301 1857 467 1889 Praefuit
491 1857 573 1888 huic
597 1856 688 1887 libro
721 1855 876 1894 edendo,
912 1857 954 1886 ut
981 1865 1022 1885 ex
1049 1854 1276 1886 dedicatione
1300 1854 1363 1885 IV.
1390 1854 1513 1885 Nonas
1540 1853 1665 1884 Martii

192 1926 224 1948 a.
252 1915 338 1947 1580
366 1914 570 1955 subscripta
594 1913 826 1954 intelligitur,
853 1911 995 1943 Nicol.
1021 1912 1248 1953 Hoeniger
1273 1911 1519 1942 Ostrofrisius.

280 1972 338 2014 41)
366 1971 468 2005 Chal».
520 1971 562 2010 Q.
580 1971 669 2002 Hor.
687 1969 742 2001 Fl.
771 1980 878 2010 opera
905 1969 1041 2008 omnia,
1070 1979 1111 2000 ex
1139 1969 1387 2000 emendatione
1413 1972 1448 2000 et
1475 1979 1553 2000 cum
1573 1979 1666 2000 com-

188 2029 371 2062 mentariis
396 2028 495 2060 Petri
521 2027 700 2060 Gualth.
728 2027 947 2058 Chabotii
981 2025 1110 2068 (prima
1135 2027 1190 2059 ed.
1218 2027 1335 2059 Paris.
1364 2027 1465 2059 1582.
1491 2026 1524 2058 8.
1553 2026 1667 2057 altera

188 2087 298 2119 Basil.
333 2086 435 2119 1587.
477 2096 542 2117 nos
579 2085 752 2117 habemus
785 2085 871 2116 edit.
912 2088 994 2126 post
1030 2085 1105 2116 eius
1141 2088 1290 2116 mortem
1332 2087 1493 2116 curatam
1535 2093 1555 2114 a
1590 2083 1665 2114 Iac.

188 2145 380 2184 Grassero,
407 2143 532 2175 Colon.
554 2144 693 2174 Munat.
722 2142 824 2175 1615.
852 2141 947 2183 Fol.)
998 2142 1161 2183 Operosa
1184 2142 1339 2174 Chaboti
1363 2141 1570 2182 diligentia,
1597 2151 1668 2182 qua

188 2203 378 2244 sexaginta
402 2202 500 2233 vitae
531 2211 643 2232 annos
678 2199 732 2241 (ut
757 2201 834 2242 ipse
860 2201 911 2231 ait
937 2200 972 2231 in
997 2199 1128 2241 praef.)
1166 2200 1279 2231 vastis
1312 2199 1368 2230 his
1401 2199 1667 2231 commentariis

188 2259 413 2301 perficiendis
443 2258 636 2299 impendit,
671 2257 758 2288 licet
782 2257 819 2288 in
845 2256 978 2298 triplici
1008 2256 1069 2288 illo
1095 2256 1270 2296 artificio,
1305 2256 1518 2296 dialectico,
1554 2266 1669 2298 gram-

188 2318 337 2357 matico,
369 2316 546 2348 rhetorico
573 2315 780 2357 exponendo
808 2315 932 2346 inania
956 2325 998 2346 ae
1024 2314 1176 2356 puerilia
1199 2314 1313 2345 multa
1337 2317 1513 2353 sectetur,
1548 2315 1669 2345 imme-

187 2376 257 2407 rito
282 2378 404 2406 tamen
428 2373 465 2404 in
491 2376 674 2405 contemtu
706 2373 822 2404 adhuc
846 2373 970 2404 iacuit.
1022 2371 1130 2403 Haud
1160 2382 1276 2413 pauca
1302 2371 1395 2403 enim
1419 2371 1524 2402 utilia
1549 2372 1669 2412 cogni-

189 2435 301 2473 tuque
319 2431 438 2472 digna,
464 2431 609 2472 propria
626 2431 735 2462 etiam
751 2430 923 2461 nonnulla
945 2430 980 2460 in
996 2429 1152 2461 lectione
1178 2429 1313 2468 attulit,
1338 2439 1445 2470 quam
1462 2428 1670 2469 plerumque

190 2489 279 2521 satis
305 2489 435 2519 bonam
462 2491 497 2519 et
521 2487 758 2527 emendatam,
785 2487 991 2518 melioribus
1019 2487 1124 2518 editis
1151 2487 1186 2517 in
1211 2489 1350 2527 partem
1375 2486 1528 2524 vocatis,
1556 2485 1667 2516 dedit.

281 2546 340 2587 42)
368 2546 461 2578 Crat.
515 2546 583 2585 „Q.
601 2546 690 2576 Hor.
708 2545 764 2576 Fl.
792 2555 835 2576 ex
859 2543 928 2576 fide
954 2548 1062 2586 atque
1088 2544 1305 2575 auctoritate
1320 2547 1482 2574 veterum
1507 2543 1670 2574 codicum

190 2613 327 2634 summo
354 2613 461 2645 quam
485 2603 562 2635 fieri
586 2603 722 2644 potuit,
759 2602 879 2634 studio
905 2602 1131 2641 emendatus,
1163 2601 1402 2643 argumentiS,
1436 2601 1576 2632 ratione
1600 2611 1670 2632 me-

189 2660 281 2692 trica
305 2661 487 2702 variisque
512 2660 726 2692 lectionibus
752 2662 787 2690 et
805 2659 950 2690 scholiis
975 2659 1020 2690 ad
1045 2659 1245 2700 marginem
1270 2658 1444 2699 appositis
1470 2657 1670 2699 perpolitus

191 2728 233 2749 ac
258 2717 501 2750 illustratus.“
550 2718 783 2758 XVitebergae
809 2717 906 2758 typis
931 2717 981 2748 M.
1008 2717 1225 2748 Iohannis
1252 2716 1477 2747 Cratonis.
1506 2715 1609 2748 1598.
1634 2716 1669 2747 8.

189 2775 285 2807 Huic
310 2775 477 2808 Cratonis
511 2775 661 2807 editioni
697 2775 786 2806 satis
821 2776 923 2805 rarae
956 2785 1021 2806 nec
1055 2775 1198 2805 omnino
1232 2773 1453 2815 spernendae
1479 2774 1539 2815 qui
1571 2784 1672 2815 prae-

190 2832 318 2872 fuerit,
357 2843 428 2864 non
454 2836 617 2874 apparet.
668 2832 774 2864 Certe
799 2831 958 2863 auctoris
989 2841 1084 2862 vana
1108 2831 1257 2862 iactatio
1291 2831 1403 2862 estin
1427 2831 1555 2870 titulo,
1588 2841 1671 2863 nam

192 2893 330 2921 veteres
357 2890 500 2922 codices
523 2901 699 2931 nusquam
727 2890 902 2927 citantur,
939 2893 1151 2931 argumenta
1176 2892 1211 2920 et
1235 2888 1372 2921 scholia
1397 2889 1443 2920 ad
1473 2889 1671 2930 marginem

191 2957 209 2979 e
233 2947 425 2979 Pulmanni
459 2947 515 2980 ed.
554 2950 735 2987 assumta,
769 2946 863 2978 unde
896 2947 973 2988 ipse
1005 2957 1147 2989 quoque
1172 2949 1310 2987 textus,
1349 2946 1512 2978 adhibita
1537 2945 1671 2978 Mureti
