2047 3433
876 812 908 873 Ι
944 813 1002 875 Ν
1039 813 1099 875 D
1139 814 1171 876 I
1212 813 1262 877 C
1301 816 1356 877 E
1398 814 1438 877 S

512 931 869 981 LIBRORUM
905 932 1280 983 MSSTORUM
1311 933 1402 980 ET
1438 932 1805 982 EDITORUM

1124 1045 1188 1076 AD

448 1133 658 1173 HORATH
702 1135 985 1176 SERMONUM
1024 1138 1201 1178 LIBROS
1241 1108 1619 1178 RECENSENDOS
1652 1137 1685 1175 A
1722 1136 1869 1176 NOBIS

974 1236 1335 1270 ADHIBITORUM.

420 1415 490 1456 Α.
562 1410 733 1452 Index
776 1413 1021 1454 codicum
1074 1421 1360 1458 msstoruni
1405 1416 1600 1472 partim
1647 1429 1673 1455 a
1714 1414 1894 1468 nobis,

747 1480 941 1534 partim
970 1481 1035 1522 ab
1067 1481 1199 1523 aliis
1232 1482 1569 1524 collatorum.

689 1594 721 1631 I.
781 1594 1035 1634 NOSTRI
1074 1597 1365 1636 CODICES
1406 1597 1620 1637 MSSTI.

513 1670 601 1720 Nos
627 1690 671 1721 ad
698 1693 816 1724 omnia
838 1694 983 1725 Horatii
1009 1697 1180 1735 poemata
1204 1697 1408 1728 accuratius
1435 1694 1690 1737 pertractanda
1715 1696 1750 1725 et
1775 1703 1894 1724 recen-

418 1751 529 1782 senda
555 1753 737 1786 codicibus
764 1757 885 1788 insstis
916 1758 995 1799 plus
1029 1759 1292 1801 quinquaginta
1324 1761 1379 1792 usi
1406 1769 1545 1798 sumus,
1578 1768 1666 1800 quos
1695 1758 1731 1789 in
1756 1758 1892 1790 NOViS

418 1808 774 1846 Quaestionibus
810 1814 1076 1848 Horatianis
1117 1816 1337 1861 (Numburgi
1377 1818 1464 1850 1847
1502 1816 1627 1856 editis,
1674 1816 1821 1857 Lipsiae
1856 1815 1893 1846 in

415 1864 561 1898 librmia
592 1868 786 1902 Haliniana
822 1872 1030 1916 venalibus)
1075 1874 1215 1916 plenius
1253 1878 1287 1907 et
1321 1877 1465 1908 nbeiius
1499 1887 1541 1907 ex
1572 1873 1669 1905 omni
1702 1875 1804 1914 palte
1836 1872 1894 1903 de-

416 1923 635 1964 fflipsimus.
684 1928 739 1959 Ex
765 1928 820 1959 his
854 1930 1005 1971 triginta
1029 1935 1183 1973 quatuor
1208 1933 1350 1965 codices
1384 1933 1488 1965 mssti
1512 1931 1657 1964 Horatii
1683 1931 1893 1963 Selmonum

415 1980 525 2013 libros
552 1984 753 2026 continent,
781 1996 869 2027 quos
895 1987 953 2019 hic
975 1990 1101 2030 paucis
1129 1991 1381 2024 indicabimus.

512 2052 541 2093 l)
575 2053 660 2085 Bas.
699 2053 727 2085 l.
787 2054 874 2086 (od.
910 2056 1130 2089 Basileensis
1170 2059 1199 2091 1.
1238 2060 1403 2092 biblioth.
1437 2058 1682 2097 academicae,
1723 2057 1815 2100 sign·
1848 2058 1890 2090 F·

416 2108 478 2140 IV.
499 2110 554 2141 26.
581 2111 874 2143 membranaceus
902 2114 939 2145 in
964 2114 1032 2146 8vo
1059 2117 1142 2148 mai.
1171 2127 1266 2149 saec.
1285 2119 1369 2150 XII.
1398 2119 1532 2160 scripta
1556 2118 1644 2149 Hor.
1671 2115 1788 2146 omnia
1811 2126 1891 2147 con-

413 2167 504 2198 tinet
530 2178 609 2200 eum
634 2169 778 2201 scholiis
813 2173 847 2201 et
875 2171 1018 2212 glossis.
1069 2175 1192 2206 Bonae
1217 2178 1325 2207 notae
1349 2175 1456 2216 liber,
1488 2178 1656 2207 accurate
1690 2174 1892 2206 emendate-

413 2235 482 2266 que
508 2226 662 2268 scriptus
689 2231 724 2260 et
749 2228 952 2270 insignibus
979 2232 1071 2262 varii
1096 2233 1238 2274 generis
1264 2234 1370 2275 pictis
1396 2236 1556 2266 ornatus.
1585 2233 1724 2275 (Novae
1742 2233 1888 2273 Quaest-

413 2293 446 2323 p.
479 2284 498 2313 5
524 2284 593 2327 sq.)

505 2350 545 2394 2)
582 2352 665 2384 Bas.
703 2352 736 2384 3.
795 2354 882 2386 Cod.
914 2355 1133 2389 Basileensis
1164 2357 1196 2389 3.
1238 2358 1402 2391 biblioth.
1437 2359 1539 2391 acad.
1576 2360 1667 2401 sign.
1693 2359 1887 2392 F..111.‹·›.

413 2407 623 2441 chartaceus
650 2410 686 2441 in
703 2410 781 2443 Fol.
809 2413 893 2444 min.
922 2424 1017 2446 saec.
1037 2415 1114 2447 XV.
1166 2416 1373 2448 Sermonum
1400 2417 1510 2449 libros
1536 2417 1565 2449 I.
1592 2418 1640 2449 ΙΙ.
1669 2418 1830 2449 continet
1856 2428 1887 2449 e.

413 2465 556 2497 scholiis
593 2468 718 2508 paucis
751 2471 785 2500 et
815 2469 958 2511 glossis.
1016 2472 1058 2504 In
1090 2473 1215 2506 charta
1246 2475 1503 2507 candidissima
1530 2486 1572 2508 ac
1605 2475 1789 2517 laevigata
1818 2486 1889 2507 non

413 2523 503 2555 belle
529 2525 690 2566 quidem,
717 2526 779 2558 Sed
805 2526 1003 2561 luculenter
1025 2534 1059 2561 et
1083 2531 1259 2573 explicate
1285 2534 1459 2575 scripum,
1486 2533 1632 2576 propria
1660 2534 1748 2564 satis
1777 2533 1889 2565 multa

413 2592 491 2612 cuni
516 2582 681 2615 lectionis
706 2585 843 2616 mendis
875 2590 910 2618 et
937 2589 1084 2629 erratis,
1119 2593 1157 2621 ut
1184 2591 1395 2623 recentioris
1421 2592 1520 2632 aevi⁷
1553 2590 1648 2623 haud
1673 2591 1798 2632 paucis
1832 2602 1887 2622 ex-

413 2638 524 2671 hibet.
552 2641 660 2680 (Nov.
691 2642 841 2682 Quaest.
869 2655 903 2685 p.
931 2647 951 2677 7
975 2646 1044 2689 sq.)

505 2707 539 2750 3)
577 2709 652 2742 Brl.
688 2710 719 2742 1.
771 2712 858 2744 Cod.
899 2714 1142 2746 Berolinensis
1179 2715 1207 2747 l.
1248 2715 1412 2747 biblioth.
1448 2715 1583 2757 Regiae
1621 2716 1712 2757 sign.
1754 2716 1817 2747 Nr.
1853 2717 1884 2747 5.

414 2765 703 2799 membranaceus
740 2769 775 2800 in
802 2771 870 2803 SVO
897 2782 992 2804 saec.
1019 2773 1103 2804 XII.
1137 2776 1279 2814 praeter
1305 2777 1424 2805 cetera
1445 2774 1532 2805 Hor.
1561 2773 1696 2814 scripta
1728 2774 1884 2804 eontinet

415 2824 625 2855 ‚Sermonum
649 2825 759 2857 libros
787 2838 808 2859 a
834 2818 909 2861 Sat.
930 2830 959 2870 Ι,
979 2832 1011 2871 4,
1028 2829 1084 2862 31.
1112 2841 1191 2862 cum
1219 2831 1362 2863 scholiis
1391 2834 1426 2862 et
1440 2830 1582 2872 glossiS.
1633 2832 1755 2863 Bonae
1779 2836 1886 2863 notae

413 2880 541 2917 codex.
569 2887 735 2916 accurate
762 2887 916 2928 scriptus
943 2892 978 2920 et
995 2889 1108 2921 multa
1124 2890 1266 2931 propria
1292 2889 1454 2921 afferens.
1485 2888 1532 2930 (v.
1550 2890 1708 2921 Praefat.
1726 2893 1885 2921 nostram

412 2939 456 2970 ad
483 2939 548 2971 Ed.
577 2941 684 2973 Satir.
718 2943 812 2975 1829.
839 2955 873 2986 p.
898 2947 1032 2980 XCVII
1059 2958 1112 2989 sq.
1141 2950 1176 2979 et
1201 2948 1292 2980 Nov.
1321 2948 1468 2988 Quaest.
1495 2957 1528 2988 p.
1553 2945 1602 2988 9.)
