<?xml version="1.0" encoding="UTF-8"?>
<!DOCTYPE html PUBLIC "-//W3C//DTD XHTML 1.0 Transitional//EN"
    "http://www.w3.org/TR/xhtml1/DTD/xhtml1-transitional.dtd">
<html xmlns="http://www.w3.org/1999/xhtml" xml:lang="en" lang="en">
 <head>
  <title>
</title>
<meta http-equiv="Content-Type" content="text/html;charset=utf-8" />
  <meta name='ocr-system' content='tesseract 3.04.00' />
  <meta name='ocr-capabilities' content='ocr_page ocr_carea ocr_par ocr_line ocrx_word'/>
</head>
<body>
  <div class='ocr_page' id='page_1' title='image "./zweibchersatir01horauoft_0033.png"; bbox 0 0 2007 3434; ppageno 0'>
   <div class='ocr_carea' id='block_1_1' title="bbox 420 312 1647 345">
    <p class='ocr_par' dir='ltr' id='par_1_1' title="bbox 420 312 1647 345">
     <span class='ocr_line' id='line_1_1' title="bbox 420 312 1647 345; baseline -0.003 0"><span class='ocrx_word' id='word_1_1' title='bbox 420 314 605 345; x_wconf 89' lang='lat' dir='ltr'>INDICES</span> <span class='ocrx_word' id='word_1_2' title='bbox 637 314 876 344; x_wconf 78' lang='lat' dir='ltr'><strong>LIBRORUM</strong></span> <span class='ocrx_word' id='word_1_3' title='bbox 907 313 1036 344; x_wconf 85' lang='lat' dir='ltr'><strong>MSST.</strong></span> <span class='ocrx_word' id='word_1_4' title='bbox 1071 312 1128 341; x_wconf 85' lang='grc' dir='ltr'><strong>ΕΤ</strong></span> <span class='ocrx_word' id='word_1_5' title='bbox 1160 312 1414 342; x_wconf 84' lang='lat' dir='ltr'><strong>EDITORUM.</strong></span> <span class='ocrx_word' id='word_1_6' title='bbox 1531 313 1647 342; x_wconf 84' lang='lat' dir='ltr'>XXIX</span> 
     </span>
    </p>
   </div>
   <div class='ocr_carea' id='block_1_2' title="bbox 176 415 1647 692">
    <p class='ocr_par' dir='ltr' id='par_1_2' title="bbox 176 415 1647 568">
     <span class='ocr_line' id='line_1_2' title="bbox 177 415 1647 461; baseline -0.003 -9"><span class='ocrx_word' id='word_1_7' title='bbox 177 431 254 452; x_wconf 85' lang='lat' dir='ltr'><strong>rum</strong></span> <span class='ocrx_word' id='word_1_8' title='bbox 280 420 413 452; x_wconf 88' lang='lat' dir='ltr'><strong>indicia</strong></span> <span class='ocrx_word' id='word_1_9' title='bbox 438 419 532 461; x_wconf 88' lang='lat' dir='ltr'><strong>apud</strong></span> <span class='ocrx_word' id='word_1_10' title='bbox 561 429 641 451; x_wconf 88' lang='lat' dir='ltr'><strong>eum</strong></span> <span class='ocrx_word' id='word_1_11' title='bbox 666 418 771 460; x_wconf 85' lang='lat' dir='ltr'><strong>plane</strong></span> <span class='ocrx_word' id='word_1_12' title='bbox 799 417 1063 456; x_wconf 77' lang='lat' dir='ltr'><strong>desiderantur,</strong></span> <span class='ocrx_word' id='word_1_13' title='bbox 1098 427 1186 459; x_wconf 88' lang='lat' dir='ltr'><strong>quos</strong></span> <span class='ocrx_word' id='word_1_14' title='bbox 1216 417 1390 459; x_wconf 82' lang='lat' dir='ltr'>gregatim</span> <span class='ocrx_word' id='word_1_15' title='bbox 1422 415 1545 456; x_wconf 82' lang='lat' dir='ltr'><strong>modo,</strong></span> <span class='ocrx_word' id='word_1_16' title='bbox 1576 427 1647 448; x_wconf 88' lang='grc'><strong>11011</strong></span> 
     </span>
     <span class='ocr_line' id='line_1_3' title="bbox 176 475 1646 518; baseline -0.003 -7"><span class='ocrx_word' id='word_1_17' title='bbox 176 479 405 518; x_wconf 81' lang='lat' dir='ltr'><strong>nominatim,</strong></span> <span class='ocrx_word' id='word_1_18' title='bbox 429 478 540 509; x_wconf 87' lang='lat' dir='ltr'><strong>citare</strong></span> <span class='ocrx_word' id='word_1_19' title='bbox 559 477 663 509; x_wconf 85' lang='lat' dir='ltr'><strong>solet.</strong></span> <span class='ocrx_word' id='word_1_20' title='bbox 719 477 818 508; x_wconf 86' lang='lat' dir='ltr'><strong>Obiit</strong></span> <span class='ocrx_word' id='word_1_21' title='bbox 840 477 915 518; x_wconf 87' lang='lat' dir='ltr'><strong>ipse</strong></span> <span class='ocrx_word' id='word_1_22' title='bbox 941 487 974 508; x_wconf 85' lang='lat' dir='ltr'><strong>a.</strong></span> <span class='ocrx_word' id='word_1_23' title='bbox 1003 476 1111 515; x_wconf 82' lang='grc'><strong>1595,</strong></span> <span class='ocrx_word' id='word_1_24' title='bbox 1144 478 1180 507; x_wconf 83' lang='grc'><strong>01</strong></span> <span class='ocrx_word' id='word_1_25' title='bbox 1205 475 1265 507; x_wconf 89' lang='lat' dir='ltr'><strong>diu</strong></span> <span class='ocrx_word' id='word_1_26' title='bbox 1291 478 1371 517; x_wconf 85' lang='lat' dir='ltr'><strong>post</strong></span> <span class='ocrx_word' id='word_1_27' title='bbox 1397 475 1472 507; x_wconf 88' lang='lat' dir='ltr'><strong>eius</strong></span> <span class='ocrx_word' id='word_1_28' title='bbox 1498 478 1646 507; x_wconf 87' lang='lat' dir='ltr'><strong>mortem</strong></span> 
     </span>
     <span class='ocr_line' id='line_1_4' title="bbox 176 536 529 568; baseline 0 -1"><span class='ocrx_word' id='word_1_29' title='bbox 176 536 285 568; x_wconf 89' lang='lat' dir='ltr'><strong>editio</strong></span> <span class='ocrx_word' id='word_1_30' title='bbox 311 539 364 568; x_wconf 90' lang='lat' dir='ltr'><strong>est</strong></span> <span class='ocrx_word' id='word_1_31' title='bbox 387 536 529 567; x_wconf 86' lang='lat' dir='ltr'><strong>emissa.</strong></span> 
     </span>
    </p>

    <p class='ocr_par' dir='ltr' id='par_1_3' title="bbox 176 591 1647 692">
     <span class='ocr_line' id='line_1_5' title="bbox 271 591 1646 637; baseline -0.004 -10"><span class='ocrx_word' id='word_1_32' title='bbox 271 594 306 637; x_wconf 83' lang='lat'><strong>2)</strong></span> <span class='ocrx_word' id='word_1_33' title='bbox 338 594 556 626; x_wconf 88' lang='lat' dir='ltr'><strong>Henricus</strong></span> <span class='ocrx_word' id='word_1_34' title='bbox 583 591 833 633; x_wconf 82' lang='lat' dir='ltr'><strong>Stephanus</strong></span> <span class='ocrx_word' id='word_1_35' title='bbox 869 591 905 622; x_wconf 90' lang='lat' dir='ltr'><strong>in</strong></span> <span class='ocrx_word' id='word_1_36' title='bbox 929 591 1046 623; x_wconf 85' lang='lat' dir='ltr'><strong>Diatr.</strong></span> <span class='ocrx_word' id='word_1_37' title='bbox 1074 591 1123 623; x_wconf 93' lang='grc' dir='ltr'><strong>ΙΙ.</strong></span> <span class='ocrx_word' id='word_1_38' title='bbox 1159 591 1313 633; x_wconf 83' lang='lat' dir='ltr'><strong>paucula</strong></span> <span class='ocrx_word' id='word_1_39' title='bbox 1337 601 1423 623; x_wconf 86' lang='lat' dir='ltr'><strong>suae</strong></span> <span class='ocrx_word' id='word_1_40' title='bbox 1456 600 1586 632; x_wconf 82' lang='lat' dir='ltr'><strong>operae</strong></span> <span class='ocrx_word' id='word_1_41' title='bbox 1612 591 1646 621; x_wconf 91' lang='lat' dir='ltr'><strong>in</strong></span> 
     </span>
     <span class='ocr_line' id='line_1_6' title="bbox 176 648 1647 692; baseline -0.003 -7"><span class='ocrx_word' id='word_1_42' title='bbox 176 651 314 684; x_wconf 83' lang='lat' dir='ltr'><strong>edendo</strong></span> <span class='ocrx_word' id='word_1_43' title='bbox 333 652 422 684; x_wconf 86' lang='lat' dir='ltr'><strong>Hor.</strong></span> <span class='ocrx_word' id='word_1_44' title='bbox 451 651 612 684; x_wconf 84' lang='lat' dir='ltr'><strong>subsidia</strong></span> <span class='ocrx_word' id='word_1_45' title='bbox 635 650 767 692; x_wconf 83' lang='lat' dir='ltr'><strong>partim</strong></span> <span class='ocrx_word' id='word_1_46' title='bbox 793 660 815 681; x_wconf 87' lang='lat' dir='ltr'><strong>a</strong></span> <span class='ocrx_word' id='word_1_47' title='bbox 840 649 942 681; x_wconf 85' lang='lat' dir='ltr'><strong>codd.</strong></span> <span class='ocrx_word' id='word_1_48' title='bbox 960 650 1100 690; x_wconf 82' lang='lat' dir='ltr'><strong>msstis,</strong></span> <span class='ocrx_word' id='word_1_49' title='bbox 1126 650 1255 691; x_wconf 86' lang='lat' dir='ltr'><strong>partim</strong></span> <span class='ocrx_word' id='word_1_50' title='bbox 1280 660 1301 681; x_wconf 89' lang='lat' dir='ltr'><strong>a</strong></span> <span class='ocrx_word' id='word_1_51' title='bbox 1325 648 1540 681; x_wconf 87' lang='lat' dir='ltr'><strong>lectionibus</strong></span> <span class='ocrx_word' id='word_1_52' title='bbox 1564 648 1647 680; x_wconf 86' lang='lat' dir='ltr'><strong>inde</strong></span> 
     </span>
    </p>
   </div>
   <div class='ocr_carea' id='block_1_3' title="bbox 1988 0 2007 567">
    <p class='ocr_par' dir='ltr' id='par_1_4' title="bbox 1988 0 2007 567">
     <span class='ocr_line' id='line_1_7' title="bbox 1988 0 2007 567; baseline 0 2867"><span class='ocrx_word' id='word_1_53' title='bbox 1988 0 2007 567; x_wconf 95' lang='lat' dir='ltr'><strong> </strong></span> 
     </span>
    </p>
   </div>
   <div class='ocr_carea' id='block_1_4' title="bbox 175 708 1648 984">
    <p class='ocr_par' dir='ltr' id='par_1_5' title="bbox 176 708 737 751">
     <span class='ocr_line' id='line_1_8' title="bbox 176 708 737 751; baseline -0.004 -10"><span class='ocrx_word' id='word_1_54' title='bbox 176 709 351 751; x_wconf 82' lang='lat' dir='ltr'><strong>excerptis</strong></span> <span class='ocrx_word' id='word_1_55' title='bbox 378 709 447 741; x_wconf 91' lang='lat' dir='ltr'><strong>sibi</strong></span> <span class='ocrx_word' id='word_1_56' title='bbox 474 709 525 741; x_wconf 82' lang='lat' dir='ltr'><strong>ait</strong></span> <span class='ocrx_word' id='word_1_57' title='bbox 551 708 737 751; x_wconf 82' lang='lat' dir='ltr'><strong>obtigisse.</strong></span> 
     </span>
    </p>

    <p class='ocr_par' dir='ltr' id='par_1_6' title="bbox 175 764 1648 984">
     <span class='ocr_line' id='line_1_9' title="bbox 267 764 1647 809; baseline -0.004 -9"><span class='ocrx_word' id='word_1_58' title='bbox 267 767 301 809; x_wconf 89' lang='lat'><strong>3)</strong></span> <span class='ocrx_word' id='word_1_59' title='bbox 328 768 433 799; x_wconf 86' lang='lat' dir='ltr'><strong>Dan.</strong></span> <span class='ocrx_word' id='word_1_60' title='bbox 459 767 675 799; x_wconf 82' lang='lat' dir='ltr'><strong>Heinsius</strong></span> <span class='ocrx_word' id='word_1_61' title='bbox 705 766 740 796; x_wconf 90' lang='lat' dir='ltr'><strong>in</strong></span> <span class='ocrx_word' id='word_1_62' title='bbox 768 765 822 797; x_wconf 83' lang='lat' dir='ltr'><strong>ed.</strong></span> <span class='ocrx_word' id='word_1_63' title='bbox 843 764 943 797; x_wconf 88' lang='grc'><strong>1629.</strong></span> <span class='ocrx_word' id='word_1_64' title='bbox 966 775 1000 806; x_wconf 86' lang='lat' dir='ltr'><strong>p.</strong></span> <span class='ocrx_word' id='word_1_65' title='bbox 1020 766 1075 796; x_wconf 89' lang='grc'><strong>24.</strong></span> <span class='ocrx_word' id='word_1_66' title='bbox 1104 764 1191 796; x_wconf 88' lang='lat' dir='ltr'><strong>duos</strong></span> <span class='ocrx_word' id='word_1_67' title='bbox 1217 764 1326 795; x_wconf 87' lang='lat' dir='ltr'><strong>libros</strong></span> <span class='ocrx_word' id='word_1_68' title='bbox 1351 774 1457 795; x_wconf 87' lang='lat' dir='ltr'><strong>manu</strong></span> <span class='ocrx_word' id='word_1_69' title='bbox 1482 766 1647 796; x_wconf 85' lang='lat' dir='ltr'><strong>exaratos</strong></span> 
     </span>
     <span class='ocr_line' id='line_1_10' title="bbox 177 822 1644 866; baseline -0.003 -9"><span class='ocrx_word' id='word_1_70' title='bbox 177 837 214 857; x_wconf 89' lang='lat' dir='ltr'><strong>se</strong></span> <span class='ocrx_word' id='word_1_71' title='bbox 243 825 447 857; x_wconf 84' lang='lat' dir='ltr'><strong>adhibuisse</strong></span> <span class='ocrx_word' id='word_1_72' title='bbox 469 824 640 856; x_wconf 86' lang='lat' dir='ltr'><strong>affirmat.</strong></span> <span class='ocrx_word' id='word_1_73' title='bbox 669 842 711 846; x_wconf 93' lang='lat'><em>—</em></span> <span class='ocrx_word' id='word_1_74' title='bbox 736 824 771 866; x_wconf 90' lang='grc'><strong>4)</strong></span> <span class='ocrx_word' id='word_1_75' title='bbox 797 823 934 854; x_wconf 88' lang='lat' dir='ltr'><strong>Ianus</strong></span> <span class='ocrx_word' id='word_1_76' title='bbox 960 823 1227 864; x_wconf 81' lang='lat' dir='ltr'><strong>Rutgersius</strong></span> <span class='ocrx_word' id='word_1_77' title='bbox 1253 822 1354 853; x_wconf 90' lang='lat' dir='ltr'><strong>Lect.</strong></span> <span class='ocrx_word' id='word_1_78' title='bbox 1378 822 1511 854; x_wconf 57' lang='lat' dir='ltr'><strong>Venus</strong></span> <span class='ocrx_word' id='word_1_79' title='bbox 1539 832 1568 853; x_wconf 92' lang='lat' dir='ltr'><strong>c.</strong></span> <span class='ocrx_word' id='word_1_80' title='bbox 1589 822 1644 853; x_wconf 86' lang='lat'><strong>17.</strong></span> 
     </span>
     <span class='ocr_line' id='line_1_11' title="bbox 177 879 1648 925; baseline -0.003 -10"><span class='ocrx_word' id='word_1_81' title='bbox 177 884 221 915; x_wconf 86' lang='lat' dir='ltr'><strong>ad</strong></span> <span class='ocrx_word' id='word_1_82' title='bbox 250 884 280 916; x_wconf 95' lang='grc' dir='ltr'><strong>Ι.</strong></span> <span class='ocrx_word' id='word_1_83' title='bbox 307 884 384 916; x_wconf 78' lang='lat' dir='ltr'><strong>Sat.</strong></span> <span class='ocrx_word' id='word_1_84' title='bbox 410 884 448 924; x_wconf 83' lang='lat'><strong>6,</strong></span> <span class='ocrx_word' id='word_1_85' title='bbox 474 883 530 916; x_wconf 89' lang='grc'><strong>96.</strong></span> <span class='ocrx_word' id='word_1_86' title='bbox 564 886 701 925; x_wconf 80' lang='lat' dir='ltr'><strong>septem</strong></span> <span class='ocrx_word' id='word_1_87' title='bbox 733 882 953 924; x_wconf 77' lang='lat' dir='ltr'><strong>exemplarIa</strong></span> <span class='ocrx_word' id='word_1_88' title='bbox 983 881 1230 922; x_wconf 86' lang='lat' dir='ltr'><strong>manuscripta</strong></span> <span class='ocrx_word' id='word_1_89' title='bbox 1260 880 1328 912; x_wconf 81' lang='lat' dir='ltr'><strong>sibi</strong></span> <span class='ocrx_word' id='word_1_90' title='bbox 1360 883 1502 921; x_wconf 83' lang='lat' dir='ltr'><strong>praesto</strong></span> <span class='ocrx_word' id='word_1_91' title='bbox 1536 879 1648 910; x_wconf 87' lang='lat' dir='ltr'><strong>fuisse</strong></span> 
     </span>
     <span class='ocr_line' id='line_1_12' title="bbox 175 941 362 984; baseline 0.005 -12"><span class='ocrx_word' id='word_1_92' title='bbox 175 941 362 984; x_wconf 85' lang='lat' dir='ltr'><strong>gloriatur.</strong></span> 
     </span>
    </p>
   </div>
   <div class='ocr_carea' id='block_1_5' title="bbox 604 1008 1230 1048">
    <p class='ocr_par' dir='ltr' id='par_1_7' title="bbox 604 1008 1230 1048">
     <span class='ocr_line' id='line_1_13' title="bbox 604 1008 1230 1048; baseline -0.003 0"><span class='ocrx_word' id='word_1_93' title='bbox 604 1009 698 1048; x_wconf 90' lang='lat' dir='ltr'><strong>VH.</strong></span> <span class='ocrx_word' id='word_1_94' title='bbox 761 1008 916 1048; x_wconf 85' lang='lat' dir='ltr'>CODD</span> <span class='ocrx_word' id='word_1_95' title='bbox 965 1008 1230 1047; x_wconf 80' lang='lat' dir='ltr'><strong>TALBOTL</strong></span> 
     </span>
    </p>
   </div>
   <div class='ocr_carea' id='block_1_6' title="bbox 175 1111 1652 1796">
    <p class='ocr_par' dir='ltr' id='par_1_8' title="bbox 175 1111 1652 1796">
     <span class='ocr_line' id='line_1_14' title="bbox 268 1111 1648 1155; baseline 0.001 -10"><span class='ocrx_word' id='word_1_96' title='bbox 268 1113 302 1155; x_wconf 95' lang='grc'><strong>1)</strong></span> <span class='ocrx_word' id='word_1_97' title='bbox 335 1113 524 1144; x_wconf 86' lang='lat' dir='ltr'><strong>Iacobus</strong></span> <span class='ocrx_word' id='word_1_98' title='bbox 550 1111 714 1144; x_wconf 86' lang='lat' dir='ltr'><strong>Talbot</strong></span> <span class='ocrx_word' id='word_1_99' title='bbox 748 1111 784 1142; x_wconf 93' lang='lat' dir='ltr'><strong>in</strong></span> <span class='ocrx_word' id='word_1_100' title='bbox 818 1111 975 1143; x_wconf 82' lang='lat' dir='ltr'><strong>editione</strong></span> <span class='ocrx_word' id='word_1_101' title='bbox 1007 1121 1074 1143; x_wconf 85' lang='lat' dir='ltr'><strong>sua</strong></span> <span class='ocrx_word' id='word_1_102' title='bbox 1099 1111 1270 1144; x_wconf 86' lang='lat' dir='ltr'><strong>Cantabr.</strong></span> <span class='ocrx_word' id='word_1_103' title='bbox 1307 1112 1408 1146; x_wconf 89' lang='grc'><strong>1699.</strong></span> <span class='ocrx_word' id='word_1_104' title='bbox 1435 1116 1470 1146; x_wconf 87' lang='grc'><strong>4.</strong></span> <span class='ocrx_word' id='word_1_105' title='bbox 1505 1113 1648 1155; x_wconf 89' lang='lat' dir='ltr'><strong>(recusa</strong></span> 
     </span>
     <span class='ocr_line' id='line_1_15' title="bbox 182 1169 1647 1214; baseline 0.001 -11"><span class='ocrx_word' id='word_1_106' title='bbox 182 1171 280 1203; x_wconf 84' lang='lat'><strong>1701.</strong></span> <span class='ocrx_word' id='word_1_107' title='bbox 310 1171 379 1211; x_wconf 92' lang='grc'><strong>12.)</strong></span> <span class='ocrx_word' id='word_1_108' title='bbox 413 1170 539 1202; x_wconf 87' lang='lat' dir='ltr'><strong>iisdem</strong></span> <span class='ocrx_word' id='word_1_109' title='bbox 570 1171 644 1202; x_wconf 83' lang='lat' dir='ltr'><strong>fere</strong></span> <span class='ocrx_word' id='word_1_110' title='bbox 671 1169 872 1209; x_wconf 80' lang='lat' dir='ltr'><strong>codicibus,</strong></span> <span class='ocrx_word' id='word_1_111' title='bbox 911 1169 1039 1210; x_wconf 88' lang='lat' dir='ltr'><strong>quibus</strong></span> <span class='ocrx_word' id='word_1_112' title='bbox 1070 1169 1166 1201; x_wconf 87' lang='lat' dir='ltr'><strong>haud</strong></span> <span class='ocrx_word' id='word_1_113' title='bbox 1195 1170 1306 1201; x_wconf 88' lang='lat' dir='ltr'><strong>multo</strong></span> <span class='ocrx_word' id='word_1_114' title='bbox 1336 1175 1418 1212; x_wconf 88' lang='lat' dir='ltr'><strong>post</strong></span> <span class='ocrx_word' id='word_1_115' title='bbox 1449 1173 1647 1214; x_wconf 79' lang='lat' dir='ltr'><strong>Bentleius,</strong></span> 
     </span>
     <span class='ocr_line' id='line_1_16' title="bbox 178 1227 1646 1269; baseline 0.003 -10"><span class='ocrx_word' id='word_1_116' title='bbox 178 1232 232 1260; x_wconf 82' lang='lat' dir='ltr'><strong>est</strong></span> <span class='ocrx_word' id='word_1_117' title='bbox 263 1238 369 1266; x_wconf 78' lang='lat' dir='ltr'><strong>usus3</strong></span> <span class='ocrx_word' id='word_1_118' title='bbox 409 1228 470 1259; x_wconf 90' lang='lat' dir='ltr'><strong>sed</strong></span> <span class='ocrx_word' id='word_1_119' title='bbox 502 1239 582 1260; x_wconf 90' lang='lat' dir='ltr'><strong>cum</strong></span> <span class='ocrx_word' id='word_1_120' title='bbox 611 1231 761 1269; x_wconf 85' lang='lat' dir='ltr'><strong>uterque</strong></span> <span class='ocrx_word' id='word_1_121' title='bbox 786 1227 920 1268; x_wconf 90' lang='lat' dir='ltr'><strong>passim</strong></span> <span class='ocrx_word' id='word_1_122' title='bbox 953 1227 1056 1258; x_wconf 89' lang='lat' dir='ltr'><strong>modo</strong></span> <span class='ocrx_word' id='word_1_123' title='bbox 1090 1228 1250 1269; x_wconf 86' lang='lat' dir='ltr'><strong>singulos</strong></span> <span class='ocrx_word' id='word_1_124' title='bbox 1283 1228 1381 1261; x_wconf 86' lang='lat' dir='ltr'><strong>locos</strong></span> <span class='ocrx_word' id='word_1_125' title='bbox 1415 1240 1493 1262; x_wconf 87' lang='lat' dir='ltr'><strong>cum</strong></span> <span class='ocrx_word' id='word_1_126' title='bbox 1523 1233 1646 1264; x_wconf 90' lang='lat' dir='ltr'><strong>msctis</strong></span> 
     </span>
     <span class='ocr_line' id='line_1_17' title="bbox 177 1285 1647 1326; baseline 0.002 -8"><span class='ocrx_word' id='word_1_127' title='bbox 177 1286 386 1326; x_wconf 88' lang='lat' dir='ltr'><strong>contulerit,</strong></span> <span class='ocrx_word' id='word_1_128' title='bbox 414 1296 493 1317; x_wconf 88' lang='lat' dir='ltr'><strong>raro</strong></span> <span class='ocrx_word' id='word_1_129' title='bbox 520 1286 672 1326; x_wconf 87' lang='lat' dir='ltr'><strong>accidit,</strong></span> <span class='ocrx_word' id='word_1_130' title='bbox 697 1289 737 1317; x_wconf 87' lang='lat' dir='ltr'><strong>ut</strong></span> <span class='ocrx_word' id='word_1_131' title='bbox 765 1285 965 1326; x_wconf 81' lang='lat' dir='ltr'><strong>comparari</strong></span> <span class='ocrx_word' id='word_1_132' title='bbox 991 1285 1084 1316; x_wconf 90' lang='lat' dir='ltr'><strong>inter</strong></span> <span class='ocrx_word' id='word_1_133' title='bbox 1105 1295 1143 1317; x_wconf 91' lang='lat' dir='ltr'><strong>se</strong></span> <span class='ocrx_word' id='word_1_134' title='bbox 1168 1286 1225 1317; x_wconf 92' lang='lat' dir='ltr'><strong>vel</strong></span> <span class='ocrx_word' id='word_1_135' title='bbox 1250 1287 1453 1319; x_wconf 88' lang='lat' dir='ltr'><strong>eorumdem</strong></span> <span class='ocrx_word' id='word_1_136' title='bbox 1477 1288 1647 1321; x_wconf 86' lang='lat' dir='ltr'><strong>librorum</strong></span> 
     </span>
     <span class='ocr_line' id='line_1_18' title="bbox 176 1342 1648 1385; baseline 0.003 -9"><span class='ocrx_word' id='word_1_137' title='bbox 176 1344 348 1376; x_wconf 85' lang='lat' dir='ltr'><strong>lectiones</strong></span> <span class='ocrx_word' id='word_1_138' title='bbox 381 1344 425 1375; x_wconf 90' lang='lat' dir='ltr'><strong>ab</strong></span> <span class='ocrx_word' id='word_1_139' title='bbox 463 1347 614 1385; x_wconf 88' lang='lat' dir='ltr'><strong>utroque</strong></span> <span class='ocrx_word' id='word_1_140' title='bbox 647 1342 888 1374; x_wconf 84' lang='lat' dir='ltr'><strong>adhibitorum</strong></span> <span class='ocrx_word' id='word_1_141' title='bbox 917 1344 1112 1384; x_wconf 89' lang='lat' dir='ltr'><strong>potuerint.</strong></span> <span class='ocrx_word' id='word_1_142' title='bbox 1168 1344 1258 1375; x_wconf 89' lang='lat' dir='ltr'><strong>Eius</strong></span> <span class='ocrx_word' id='word_1_143' title='bbox 1289 1344 1430 1377; x_wconf 86' lang='lat' dir='ltr'><strong>codices</strong></span> <span class='ocrx_word' id='word_1_144' title='bbox 1464 1346 1500 1377; x_wconf 89' lang='lat' dir='ltr'><strong>hi</strong></span> <span class='ocrx_word' id='word_1_145' title='bbox 1532 1347 1648 1380; x_wconf 86' lang='lat' dir='ltr'><strong>fuere:</strong></span> 
     </span>
     <span class='ocr_line' id='line_1_19' title="bbox 180 1400 1652 1457; baseline 0.002 -22"><span class='ocrx_word' id='word_1_146' title='bbox 180 1403 210 1444; x_wconf 90' lang='lat' dir='ltr'><strong>l)</strong></span> <span class='ocrx_word' id='word_1_147' title='bbox 245 1403 325 1435; x_wconf 85' lang='lat' dir='ltr'><strong>Cod.</strong></span> <span class='ocrx_word' id='word_1_148' title='bbox 354 1402 436 1443; x_wconf 63' lang='lat'><strong>1109.</strong></span> <span class='ocrx_word' id='word_1_149' title='bbox 464 1402 576 1441; x_wconf 81' lang='lat' dir='ltr'><strong>Galez&#39;,</strong></span> <span class='ocrx_word' id='word_1_150' title='bbox 610 1401 699 1432; x_wconf 87' lang='lat' dir='ltr'><strong>Hor.</strong></span> <span class='ocrx_word' id='word_1_151' title='bbox 728 1401 854 1457; x_wconf 64' lang='lat' dir='ltr'><strong>⁴omnia</strong></span> <span class='ocrx_word' id='word_1_152' title='bbox 885 1404 981 1432; x_wconf 85' lang='lat' dir='ltr'><strong>cont.</strong></span> <span class='ocrx_word' id='word_1_153' title='bbox 1018 1400 1150 1441; x_wconf 90' lang='lat' dir='ltr'><strong>(Bentl.</strong></span> <span class='ocrx_word' id='word_1_154' title='bbox 1180 1402 1252 1445; x_wconf 84' lang='lat'><strong>10.)</strong></span> <span class='ocrx_word' id='word_1_155' title='bbox 1288 1421 1330 1424; x_wconf 97' lang='lat'><strong>—</strong></span> <span class='ocrx_word' id='word_1_156' title='bbox 1367 1403 1402 1446; x_wconf 84' lang='lat'><strong>2)</strong></span> <span class='ocrx_word' id='word_1_157' title='bbox 1438 1404 1519 1436; x_wconf 77' lang='lat' dir='ltr'><strong>Cod.</strong></span> <span class='ocrx_word' id='word_1_158' title='bbox 1555 1406 1652 1438; x_wconf 83' lang='lat' dir='ltr'><strong>Galei</strong></span> 
     </span>
     <span class='ocr_line' id='line_1_20' title="bbox 176 1458 1646 1501; baseline 0.003 -11"><span class='ocrx_word' id='word_1_159' title='bbox 176 1460 281 1497; x_wconf 79' lang='lat' dir='ltr'><strong>aller,</strong></span> <span class='ocrx_word' id='word_1_160' title='bbox 320 1459 503 1501; x_wconf 87' lang='lat' dir='ltr'><strong>Epistolas</strong></span> <span class='ocrx_word' id='word_1_161' title='bbox 535 1461 629 1490; x_wconf 88' lang='lat' dir='ltr'><strong>cont.</strong></span> <span class='ocrx_word' id='word_1_162' title='bbox 672 1477 714 1480; x_wconf 97' lang='lat'><strong>—</strong></span> <span class='ocrx_word' id='word_1_163' title='bbox 754 1458 792 1500; x_wconf 74' lang='lat'><strong>3)</strong></span> <span class='ocrx_word' id='word_1_164' title='bbox 826 1459 906 1492; x_wconf 73' lang='lat' dir='ltr'><strong>eod.</strong></span> <span class='ocrx_word' id='word_1_165' title='bbox 939 1459 1077 1491; x_wconf 73' lang='lat' dir='ltr'><strong>cardin.</strong></span> <span class='ocrx_word' id='word_1_166' title='bbox 1109 1459 1239 1498; x_wconf 77' lang='lat' dir='ltr'><strong>Bembz‘,</strong></span> <span class='ocrx_word' id='word_1_167' title='bbox 1278 1460 1366 1492; x_wconf 89' lang='lat' dir='ltr'><strong>Hor.</strong></span> <span class='ocrx_word' id='word_1_168' title='bbox 1401 1462 1520 1494; x_wconf 85' lang='lat' dir='ltr'><strong>omnia</strong></span> <span class='ocrx_word' id='word_1_169' title='bbox 1551 1466 1646 1495; x_wconf 87' lang='lat' dir='ltr'><strong>cont.</strong></span> 
     </span>
     <span class='ocr_line' id='line_1_21' title="bbox 176 1515 1645 1559; baseline 0.004 -12"><span class='ocrx_word' id='word_1_170' title='bbox 176 1515 308 1558; x_wconf 86' lang='lat' dir='ltr'><strong>(Bentl.</strong></span> <span class='ocrx_word' id='word_1_171' title='bbox 325 1518 397 1551; x_wconf 83' lang='lat' dir='ltr'><strong>cod.</strong></span> <span class='ocrx_word' id='word_1_172' title='bbox 420 1516 557 1558; x_wconf 59' lang='lat' dir='ltr'><strong>Collegit*</strong></span> <span class='ocrx_word' id='word_1_173' title='bbox 570 1517 666 1558; x_wconf 66' lang='lat' dir='ltr'><strong>Regii</strong></span> <span class='ocrx_word' id='word_1_174' title='bbox 679 1516 825 1558; x_wconf 75' lang='lat' dir='ltr'><strong>Nr.1·2.)</strong></span> <span class='ocrx_word' id='word_1_175' title='bbox 852 1535 894 1538; x_wconf 97' lang='lat'><strong>—</strong></span> <span class='ocrx_word' id='word_1_176' title='bbox 921 1515 956 1558; x_wconf 88' lang='grc'><strong>4)</strong></span> <span class='ocrx_word' id='word_1_177' title='bbox 983 1517 1064 1549; x_wconf 79' lang='lat' dir='ltr'><strong>Cod.</strong></span> <span class='ocrx_word' id='word_1_178' title='bbox 1084 1518 1421 1559; x_wconf 71' lang='lat' dir='ltr'><strong>Colleyz‘iPelre71.s·is‚</strong></span> <span class='ocrx_word' id='word_1_179' title='bbox 1450 1530 1544 1552; x_wconf 87' lang='lat' dir='ltr'><strong>saec.</strong></span> <span class='ocrx_word' id='word_1_180' title='bbox 1561 1522 1645 1553; x_wconf 92' lang='lat' dir='ltr'><strong>XII.</strong></span> 
     </span>
     <span class='ocr_line' id='line_1_22' title="bbox 175 1573 1648 1617; baseline 0.003 -11"><span class='ocrx_word' id='word_1_181' title='bbox 175 1574 292 1606; x_wconf 86' lang='lat' dir='ltr'><strong>Carm.</strong></span> <span class='ocrx_word' id='word_1_182' title='bbox 319 1575 394 1607; x_wconf 85' lang='lat' dir='ltr'><strong>Sat.</strong></span> <span class='ocrx_word' id='word_1_183' title='bbox 423 1578 458 1606; x_wconf 88' lang='lat' dir='ltr'><strong>et</strong></span> <span class='ocrx_word' id='word_1_184' title='bbox 481 1574 599 1616; x_wconf 88' lang='lat' dir='ltr'><strong>Epist.</strong></span> <span class='ocrx_word' id='word_1_185' title='bbox 626 1577 722 1606; x_wconf 89' lang='lat' dir='ltr'><strong>cont.</strong></span> <span class='ocrx_word' id='word_1_186' title='bbox 751 1573 884 1616; x_wconf 86' lang='lat' dir='ltr'><strong>(Bentl.</strong></span> <span class='ocrx_word' id='word_1_187' title='bbox 912 1573 962 1617; x_wconf 89' lang='lat'><strong>8.)</strong></span> <span class='ocrx_word' id='word_1_188' title='bbox 989 1593 1032 1597; x_wconf 90' lang='lat'><strong>—</strong></span> <span class='ocrx_word' id='word_1_189' title='bbox 1058 1574 1092 1616; x_wconf 76' lang='lat'><strong>5)</strong></span> <span class='ocrx_word' id='word_1_190' title='bbox 1120 1575 1200 1606; x_wconf 79' lang='lat' dir='ltr'><strong>Cod.</strong></span> <span class='ocrx_word' id='word_1_191' title='bbox 1228 1575 1308 1610; x_wconf 70' lang='lat' dir='ltr'><strong>Coei.</strong></span> <span class='ocrx_word' id='word_1_192' title='bbox 1343 1577 1461 1612; x_wconf 70' lang='lat' dir='ltr'><strong>Trz&#39;nz‘t.</strong></span> <span class='ocrx_word' id='word_1_193' title='bbox 1490 1579 1648 1612; x_wconf 74' lang='lat' dir='ltr'><strong>Cantahr.</strong></span> 
     </span>
     <span class='ocr_line' id='line_1_23' title="bbox 175 1632 1648 1675; baseline 0.003 -11"><span class='ocrx_word' id='word_1_194' title='bbox 175 1632 359 1674; x_wconf 87' lang='lat' dir='ltr'><strong>Epistolas</strong></span> <span class='ocrx_word' id='word_1_195' title='bbox 392 1636 486 1665; x_wconf 88' lang='lat' dir='ltr'><strong>cont.</strong></span> <span class='ocrx_word' id='word_1_196' title='bbox 522 1632 654 1674; x_wconf 86' lang='lat' dir='ltr'><strong>(Bentl.</strong></span> <span class='ocrx_word' id='word_1_197' title='bbox 683 1632 767 1675; x_wconf 65' lang='lat'><strong>1552)</strong></span> <span class='ocrx_word' id='word_1_198' title='bbox 800 1653 847 1658; x_wconf 82' lang='lat'>—</span> <span class='ocrx_word' id='word_1_199' title='bbox 884 1633 904 1666; x_wconf 82' lang='lat'>6</span> <span class='ocrx_word' id='word_1_200' title='bbox 933 1636 969 1665; x_wconf 90' lang='lat' dir='ltr'><strong>et</strong></span> <span class='ocrx_word' id='word_1_201' title='bbox 993 1632 1027 1675; x_wconf 80' lang='lat'><strong>7)</strong></span> <span class='ocrx_word' id='word_1_202' title='bbox 1062 1633 1164 1664; x_wconf 74' lang='lat' dir='ltr'><strong>Cocld.</strong></span> <span class='ocrx_word' id='word_1_203' title='bbox 1196 1633 1372 1666; x_wconf 78' lang='lat' dir='ltr'><strong>Bodleianz&#39;</strong></span> <span class='ocrx_word' id='word_1_204' title='bbox 1398 1636 1428 1671; x_wconf 84' lang='lat' dir='ltr'><strong>I,</strong></span> <span class='ocrx_word' id='word_1_205' title='bbox 1459 1637 1511 1671; x_wconf 83' lang='lat' dir='ltr'><strong>II.</strong></span> <span class='ocrx_word' id='word_1_206' title='bbox 1551 1638 1648 1670; x_wconf 87' lang='lat' dir='ltr'><strong>Odas</strong></span> 
     </span>
     <span class='ocr_line' id='line_1_24' title="bbox 176 1689 1647 1738; baseline 0.004 -16"><span class='ocrx_word' id='word_1_207' title='bbox 176 1693 272 1722; x_wconf 88' lang='lat' dir='ltr'><strong>cont.</strong></span> <span class='ocrx_word' id='word_1_208' title='bbox 304 1690 435 1731; x_wconf 91' lang='lat' dir='ltr'><strong>(Bentl.</strong></span> <span class='ocrx_word' id='word_1_209' title='bbox 462 1690 534 1732; x_wconf 88' lang='grc'><strong>16.)</strong></span> <span class='ocrx_word' id='word_1_210' title='bbox 568 1709 611 1713; x_wconf 90' lang='grc'>-</span> <span class='ocrx_word' id='word_1_211' title='bbox 644 1689 679 1732; x_wconf 89' lang='grc'><strong>8)</strong></span> <span class='ocrx_word' id='word_1_212' title='bbox 714 1691 794 1724; x_wconf 82' lang='lat' dir='ltr'><strong>Cocl.</strong></span> <span class='ocrx_word' id='word_1_213' title='bbox 827 1691 958 1722; x_wconf 75' lang='lat' dir='ltr'><strong>Bodlei.</strong></span> <span class='ocrx_word' id='word_1_214' title='bbox 986 1691 1059 1724; x_wconf 92' lang='lat' dir='ltr'><strong>III.</strong></span> <span class='ocrx_word' id='word_1_215' title='bbox 1095 1691 1251 1724; x_wconf 86' lang='lat' dir='ltr'><strong>chartac.</strong></span> <span class='ocrx_word' id='word_1_216' title='bbox 1280 1692 1377 1725; x_wconf 87' lang='lat' dir='ltr'><strong>Odas</strong></span> <span class='ocrx_word' id='word_1_217' title='bbox 1409 1698 1444 1725; x_wconf 89' lang='lat' dir='ltr'><strong>et</strong></span> <span class='ocrx_word' id='word_1_218' title='bbox 1475 1696 1517 1727; x_wconf 90' lang='lat' dir='ltr'><strong>A.</strong></span> <span class='ocrx_word' id='word_1_219' title='bbox 1550 1700 1647 1738; x_wconf 89' lang='lat' dir='ltr'><strong>poet.</strong></span> 
     </span>
     <span class='ocr_line' id='line_1_25' title="bbox 176 1748 1650 1796; baseline 0.004 -16"><span class='ocrx_word' id='word_1_220' title='bbox 176 1752 272 1781; x_wconf 85' lang='lat' dir='ltr'><strong>cont.</strong></span> <span class='ocrx_word' id='word_1_221' title='bbox 305 1767 348 1771; x_wconf 84' lang='lat'>-</span> <span class='ocrx_word' id='word_1_222' title='bbox 378 1748 414 1791; x_wconf 89' lang='grc'><strong>9)</strong></span> <span class='ocrx_word' id='word_1_223' title='bbox 442 1749 520 1781; x_wconf 80' lang='lat' dir='ltr'><strong>Cod.</strong></span> <span class='ocrx_word' id='word_1_224' title='bbox 544 1749 675 1781; x_wconf 84' lang='lat' dir='ltr'><strong>Bodlei.</strong></span> <span class='ocrx_word' id='word_1_225' title='bbox 703 1749 772 1783; x_wconf 90' lang='lat' dir='ltr'><strong>IV.</strong></span> <span class='ocrx_word' id='word_1_226' title='bbox 797 1750 839 1780; x_wconf 91' lang='lat' dir='ltr'><strong>A.</strong></span> <span class='ocrx_word' id='word_1_227' title='bbox 866 1752 962 1791; x_wconf 88' lang='lat' dir='ltr'><strong>poet.</strong></span> <span class='ocrx_word' id='word_1_228' title='bbox 991 1753 1086 1781; x_wconf 89' lang='lat' dir='ltr'><strong>cont.</strong></span> <span class='ocrx_word' id='word_1_229' title='bbox 1121 1768 1164 1772; x_wconf 92' lang='lat'><strong>——</strong></span> <span class='ocrx_word' id='word_1_230' title='bbox 1198 1751 1253 1792; x_wconf 85' lang='lat'><strong>10)</strong></span> <span class='ocrx_word' id='word_1_231' title='bbox 1279 1751 1359 1783; x_wconf 78' lang='lat' dir='ltr'><strong>Cod.</strong></span> <span class='ocrx_word' id='word_1_232' title='bbox 1389 1753 1470 1788; x_wconf 79' lang='lat' dir='ltr'><strong>Coll,</strong></span> <span class='ocrx_word' id='word_1_233' title='bbox 1499 1754 1650 1796; x_wconf 68' lang='lat' dir='ltr'><strong>llffayda-</strong></span> 
     </span>
    </p>
   </div>
   <div class='ocr_carea' id='block_1_7' title="bbox 0 560 2007 2264">
    <p class='ocr_par' dir='ltr' id='par_1_9' title="bbox 0 560 2007 2264">
     <span class='ocr_line' id='line_1_26' title="bbox 2002 560 2007 580; baseline 0 -5"><span class='ocrx_word' id='word_1_234' title='bbox 2002 560 2007 580; x_wconf 46' lang='lat' dir='ltr'><strong>¹l</strong></span> 
     </span>
     <span class='ocr_line' id='line_1_27' title="bbox 175 1806 1652 1854; baseline 0.004 -17"><span class='ocrx_word' id='word_1_235' title='bbox 175 1807 299 1839; x_wconf 82' lang='lat' dir='ltr'><strong>lenens.</strong></span> <span class='ocrx_word' id='word_1_236' title='bbox 327 1806 459 1845; x_wconf 78' lang='lat' dir='ltr'><strong>Ooeonz&#39;i,</strong></span> <span class='ocrx_word' id='word_1_237' title='bbox 484 1807 573 1838; x_wconf 88' lang='lat' dir='ltr'><strong>Hor.</strong></span> <span class='ocrx_word' id='word_1_238' title='bbox 604 1807 723 1838; x_wconf 88' lang='lat' dir='ltr'><strong>omnia</strong></span> <span class='ocrx_word' id='word_1_239' title='bbox 748 1810 843 1839; x_wconf 90' lang='lat' dir='ltr'><strong>cont.</strong></span> <span class='ocrx_word' id='word_1_240' title='bbox 874 1806 1005 1848; x_wconf 83' lang='lat' dir='ltr'><strong>(Bentl.</strong></span> <span class='ocrx_word' id='word_1_241' title='bbox 1022 1807 1071 1849; x_wconf 87' lang='grc'><strong>9.)</strong></span> <span class='ocrx_word' id='word_1_242' title='bbox 1099 1826 1142 1830; x_wconf 89' lang='lat'>—</span> <span class='ocrx_word' id='word_1_243' title='bbox 1169 1808 1225 1850; x_wconf 92' lang='lat'><strong>11)</strong></span> <span class='ocrx_word' id='word_1_244' title='bbox 1255 1809 1334 1841; x_wconf 80' lang='lat' dir='ltr'><strong>Cod.</strong></span> <span class='ocrx_word' id='word_1_245' title='bbox 1354 1811 1495 1842; x_wconf 81' lang='lat' dir='ltr'><strong>eiusdem</strong></span> <span class='ocrx_word' id='word_1_246' title='bbox 1513 1811 1652 1854; x_wconf 71' lang='lat' dir='ltr'><strong>Colleyiz‘</strong></span> 
     </span>
     <span class='ocr_line' id='line_1_28' title="bbox 176 1864 1653 1912; baseline 0.005 -17"><span class='ocrx_word' id='word_1_247' title='bbox 176 1866 282 1902; x_wconf 81' lang='lat' dir='ltr'><strong>alter,</strong></span> <span class='ocrx_word' id='word_1_248' title='bbox 310 1864 468 1903; x_wconf 83' lang='lat' dir='ltr'><strong>Satiras,</strong></span> <span class='ocrx_word' id='word_1_249' title='bbox 492 1865 610 1906; x_wconf 84' lang='lat' dir='ltr'><strong>Epist.</strong></span> <span class='ocrx_word' id='word_1_250' title='bbox 643 1868 678 1896; x_wconf 86' lang='lat' dir='ltr'><strong>et</strong></span> <span class='ocrx_word' id='word_1_251' title='bbox 693 1865 734 1896; x_wconf 94' lang='lat' dir='ltr'><strong>A.</strong></span> <span class='ocrx_word' id='word_1_252' title='bbox 754 1868 851 1906; x_wconf 87' lang='lat' dir='ltr'><strong>poet.</strong></span> <span class='ocrx_word' id='word_1_253' title='bbox 879 1869 974 1897; x_wconf 86' lang='lat' dir='ltr'><strong>cont.</strong></span> <span class='ocrx_word' id='word_1_254' title='bbox 1005 1865 1136 1906; x_wconf 86' lang='lat' dir='ltr'><strong>(Bentl.</strong></span> <span class='ocrx_word' id='word_1_255' title='bbox 1163 1866 1235 1908; x_wconf 86' lang='grc'><strong>22.)</strong></span> <span class='ocrx_word' id='word_1_256' title='bbox 1263 1885 1305 1889; x_wconf 78' lang='lat'>—</span> <span class='ocrx_word' id='word_1_257' title='bbox 1332 1868 1388 1909; x_wconf 91' lang='grc'><strong>12)</strong></span> <span class='ocrx_word' id='word_1_258' title='bbox 1416 1869 1496 1902; x_wconf 86' lang='lat' dir='ltr'><strong>Cod.</strong></span> <span class='ocrx_word' id='word_1_259' title='bbox 1515 1870 1653 1912; x_wconf 75' lang='lat' dir='ltr'><strong>Colleyii</strong></span> 
     </span>
     <span class='ocr_line' id='line_1_29' title="bbox 176 1921 1648 1968; baseline 0.005 -16"><span class='ocrx_word' id='word_1_260' title='bbox 176 1921 373 1962; x_wconf 73' lang='lat' dir='ltr'><strong>Reyinensis</strong></span> <span class='ocrx_word' id='word_1_261' title='bbox 399 1921 546 1962; x_wconf 84' lang='lat' dir='ltr'><strong>Oxonii,</strong></span> <span class='ocrx_word' id='word_1_262' title='bbox 574 1932 668 1954; x_wconf 88' lang='lat' dir='ltr'><strong>saec.</strong></span> <span class='ocrx_word' id='word_1_263' title='bbox 695 1923 739 1954; x_wconf 91' lang='lat' dir='ltr'><strong>X.</strong></span> <span class='ocrx_word' id='word_1_264' title='bbox 768 1933 810 1954; x_wconf 86' lang='lat' dir='ltr'><strong>ex</strong></span> <span class='ocrx_word' id='word_1_265' title='bbox 834 1933 970 1956; x_wconf 73' lang='lat' dir='ltr'><strong>recenS.</strong></span> <span class='ocrx_word' id='word_1_266' title='bbox 998 1925 1112 1955; x_wconf 78' lang='lat' dir='ltr'><strong>Vettii</strong></span> <span class='ocrx_word' id='word_1_267' title='bbox 1136 1925 1279 1966; x_wconf 74' lang='lat' dir='ltr'><strong>Agorii,</strong></span> <span class='ocrx_word' id='word_1_268' title='bbox 1304 1927 1648 1968; x_wconf 77' lang='lat' dir='ltr'><strong>praestantissimus,</strong></span> 
     </span>
     <span class='ocr_line' id='line_1_30' title="bbox 177 1978 1650 2024; baseline 0.005 -14"><span class='ocrx_word' id='word_1_269' title='bbox 177 1980 265 2010; x_wconf 89' lang='lat' dir='ltr'><strong>Hor.</strong></span> <span class='ocrx_word' id='word_1_270' title='bbox 294 1979 413 2011; x_wconf 89' lang='lat' dir='ltr'><strong>omnia</strong></span> <span class='ocrx_word' id='word_1_271' title='bbox 436 1982 532 2013; x_wconf 90' lang='lat' dir='ltr'><strong>cont.</strong></span> <span class='ocrx_word' id='word_1_272' title='bbox 560 1978 693 2021; x_wconf 86' lang='lat' dir='ltr'><strong>(Bentl.</strong></span> <span class='ocrx_word' id='word_1_273' title='bbox 722 1980 771 2022; x_wconf 78' lang='lat' dir='ltr'><strong>(i.)</strong></span> <span class='ocrx_word' id='word_1_274' title='bbox 806 1999 849 2003; x_wconf 88' lang='lat'><strong>——-</strong></span> <span class='ocrx_word' id='word_1_275' title='bbox 883 1982 939 2024; x_wconf 81' lang='lat'><strong>13)</strong></span> <span class='ocrx_word' id='word_1_276' title='bbox 979 1983 1108 2014; x_wconf 81' lang='lat' dir='ltr'><strong>Variae</strong></span> <span class='ocrx_word' id='word_1_277' title='bbox 1134 1985 1223 2015; x_wconf 77' lang='lat' dir='ltr'><strong>lectt.</strong></span> <span class='ocrx_word' id='word_1_278' title='bbox 1257 1994 1275 2014; x_wconf 91' lang='grc'><strong>0</strong></span> <span class='ocrx_word' id='word_1_279' title='bbox 1303 1985 1377 2017; x_wconf 80' lang='lat' dir='ltr'><strong>eod.</strong></span> <span class='ocrx_word' id='word_1_280' title='bbox 1405 1985 1508 2017; x_wconf 75' lang='lat' dir='ltr'><strong>Mieh.</strong></span> <span class='ocrx_word' id='word_1_281' title='bbox 1532 1986 1650 2018; x_wconf 82' lang='lat' dir='ltr'><strong>Bonae</strong></span> 
     </span>
     <span class='ocr_line' id='line_1_31' title="bbox 176 2037 1648 2083; baseline 0.006 -15"><span class='ocrx_word' id='word_1_282' title='bbox 176 2037 302 2078; x_wconf 66' lang='lat' dir='ltr'><strong>Hamas,</strong></span> <span class='ocrx_word' id='word_1_283' title='bbox 340 2038 385 2069; x_wconf 88' lang='lat' dir='ltr'><strong>ad</strong></span> <span class='ocrx_word' id='word_1_284' title='bbox 410 2048 521 2081; x_wconf 87' lang='lat' dir='ltr'><strong>marg.</strong></span> <span class='ocrx_word' id='word_1_285' title='bbox 557 2038 611 2070; x_wconf 87' lang='lat' dir='ltr'><strong>ed.</strong></span> <span class='ocrx_word' id='word_1_286' title='bbox 638 2039 771 2070; x_wconf 88' lang='lat' dir='ltr'><strong>Mureti</strong></span> <span class='ocrx_word' id='word_1_287' title='bbox 802 2050 834 2071; x_wconf 88' lang='lat' dir='ltr'><strong>a.</strong></span> <span class='ocrx_word' id='word_1_288' title='bbox 863 2039 952 2073; x_wconf 81' lang='lat'><strong>1559</strong></span> <span class='ocrx_word' id='word_1_289' title='bbox 983 2041 1200 2083; x_wconf 82' lang='lat' dir='ltr'><strong>adscriptae.</strong></span> <span class='ocrx_word' id='word_1_290' title='bbox 1235 2060 1278 2064; x_wconf 87' lang='lat'>—</span> <span class='ocrx_word' id='word_1_291' title='bbox 1319 2042 1375 2083; x_wconf 79' lang='lat'><strong>14)</strong></span> <span class='ocrx_word' id='word_1_292' title='bbox 1406 2044 1535 2075; x_wconf 72' lang='lat' dir='ltr'><strong>Variae</strong></span> <span class='ocrx_word' id='word_1_293' title='bbox 1560 2045 1648 2078; x_wconf 78' lang='lat' dir='ltr'><strong>lectt.</strong></span> 
     </span>
     <span class='ocr_line' id='line_1_32' title="bbox 177 2094 1456 2142; baseline 0.006 -17"><span class='ocrx_word' id='word_1_294' title='bbox 177 2105 198 2125; x_wconf 84' lang='lat' dir='ltr'><strong>a</strong></span> <span class='ocrx_word' id='word_1_295' title='bbox 223 2094 316 2127; x_wconf 85' lang='lat' dir='ltr'><strong>Petr.</strong></span> <span class='ocrx_word' id='word_1_296' title='bbox 344 2095 481 2128; x_wconf 78' lang='lat' dir='ltr'><strong>Pithoeo</strong></span> <span class='ocrx_word' id='word_1_297' title='bbox 507 2107 549 2128; x_wconf 84' lang='lat' dir='ltr'><strong>ex</strong></span> <span class='ocrx_word' id='word_1_298' title='bbox 574 2107 661 2129; x_wconf 89' lang='lat' dir='ltr'><strong>mss.</strong></span> <span class='ocrx_word' id='word_1_299' title='bbox 690 2097 735 2129; x_wconf 89' lang='lat' dir='ltr'><strong>ad</strong></span> <span class='ocrx_word' id='word_1_300' title='bbox 759 2108 871 2140; x_wconf 82' lang='lat' dir='ltr'><strong>marg.</strong></span> <span class='ocrx_word' id='word_1_301' title='bbox 901 2098 956 2130; x_wconf 87' lang='lat' dir='ltr'><strong>ed.</strong></span> <span class='ocrx_word' id='word_1_302' title='bbox 984 2099 1096 2131; x_wconf 85' lang='lat' dir='ltr'><strong>Basil.</strong></span> <span class='ocrx_word' id='word_1_303' title='bbox 1125 2099 1214 2133; x_wconf 82' lang='lat'><strong>1580</strong></span> <span class='ocrx_word' id='word_1_304' title='bbox 1239 2100 1456 2142; x_wconf 83' lang='lat' dir='ltr'><strong>adscriptae.</strong></span> 
     </span>
     <span class='ocr_line' id='line_1_33' title="bbox 0 2217 1242 2264; baseline 0.006 -7"><span class='ocrx_word' id='word_1_305' title='bbox 0 2217 1 2238; x_wconf 62' lang='lat'>¹</span> <span class='ocrx_word' id='word_1_306' title='bbox 318 2248 322 2250; x_wconf 88' lang='lat'><em>-</em></span> <span class='ocrx_word' id='word_1_307' title='bbox 583 2221 697 2260; x_wconf 79' lang='lat' dir='ltr'><strong>VHL</strong></span> <span class='ocrx_word' id='word_1_308' title='bbox 758 2220 1242 2264; x_wconf 84' lang='lat' dir='ltr'><strong>CODD.BENTLEH.</strong></span> 
     </span>
    </p>
   </div>
   <div class='ocr_carea' id='block_1_8' title="bbox 177 2323 1652 3009">
    <p class='ocr_par' dir='ltr' id='par_1_10' title="bbox 177 2323 1652 3009">
     <span class='ocr_line' id='line_1_34' title="bbox 267 2323 1649 2375; baseline 0.008 -20"><span class='ocrx_word' id='word_1_309' title='bbox 267 2323 388 2356; x_wconf 87' lang='lat' dir='ltr'><strong>Rich.</strong></span> <span class='ocrx_word' id='word_1_310' title='bbox 415 2323 650 2356; x_wconf 89' lang='lat' dir='ltr'><strong>Bentleius</strong></span> <span class='ocrx_word' id='word_1_311' title='bbox 676 2324 713 2355; x_wconf 91' lang='lat' dir='ltr'><strong>in</strong></span> <span class='ocrx_word' id='word_1_312' title='bbox 729 2325 955 2366; x_wconf 85' lang='lat' dir='ltr'><strong>praefatione</strong></span> <span class='ocrx_word' id='word_1_313' title='bbox 980 2326 1147 2359; x_wconf 86' lang='lat' dir='ltr'><strong>editionis</strong></span> <span class='ocrx_word' id='word_1_314' title='bbox 1164 2339 1250 2361; x_wconf 87' lang='lat' dir='ltr'><strong>suae</strong></span> <span class='ocrx_word' id='word_1_315' title='bbox 1277 2329 1462 2371; x_wconf 85' lang='lat' dir='ltr'><strong>(Cantabr.</strong></span> <span class='ocrx_word' id='word_1_316' title='bbox 1482 2333 1582 2365; x_wconf 83' lang='lat'><strong>1711.</strong></span> <span class='ocrx_word' id='word_1_317' title='bbox 1601 2334 1649 2375; x_wconf 90' lang='grc'><strong>4.)</strong></span> 
     </span>
     <span class='ocr_line' id='line_1_35' title="bbox 177 2380 1650 2432; baseline 0.007 -20"><span class='ocrx_word' id='word_1_318' title='bbox 177 2380 265 2412; x_wconf 85' lang='lat' dir='ltr'><strong>haec</strong></span> <span class='ocrx_word' id='word_1_319' title='bbox 290 2381 452 2413; x_wconf 85' lang='lat' dir='ltr'><strong>codicum</strong></span> <span class='ocrx_word' id='word_1_320' title='bbox 477 2385 672 2414; x_wconf 85' lang='lat' dir='ltr'><strong>msctorum</strong></span> <span class='ocrx_word' id='word_1_321' title='bbox 696 2383 879 2424; x_wconf 86' lang='lat' dir='ltr'><strong>subsidia,</strong></span> <span class='ocrx_word' id='word_1_322' title='bbox 909 2385 1037 2426; x_wconf 85' lang='lat' dir='ltr'><strong>quibus</strong></span> <span class='ocrx_word' id='word_1_323' title='bbox 1063 2386 1108 2417; x_wconf 88' lang='lat' dir='ltr'><strong>ad</strong></span> <span class='ocrx_word' id='word_1_324' title='bbox 1132 2389 1351 2421; x_wconf 85' lang='lat' dir='ltr'><strong>recensenda</strong></span> <span class='ocrx_word' id='word_1_325' title='bbox 1369 2390 1458 2422; x_wconf 90' lang='lat' dir='ltr'><strong>Hor.</strong></span> <span class='ocrx_word' id='word_1_326' title='bbox 1484 2395 1650 2432; x_wconf 85' lang='lat' dir='ltr'><strong>poemata</strong></span> 
     </span>
     <span class='ocr_line' id='line_1_36' title="bbox 178 2438 1651 2487; baseline 0.008 -18"><span class='ocrx_word' id='word_1_327' title='bbox 178 2449 262 2470; x_wconf 82' lang='lat' dir='ltr'><strong>usus</strong></span> <span class='ocrx_word' id='word_1_328' title='bbox 286 2443 356 2479; x_wconf 85' lang='lat' dir='ltr'><strong>est,</strong></span> <span class='ocrx_word' id='word_1_329' title='bbox 388 2439 516 2471; x_wconf 86' lang='lat' dir='ltr'><strong>refert:</strong></span> <span class='ocrx_word' id='word_1_330' title='bbox 550 2440 583 2482; x_wconf 93' lang='grc'><strong>1)</strong></span> <span class='ocrx_word' id='word_1_331' title='bbox 613 2441 692 2474; x_wconf 83' lang='lat' dir='ltr'><strong>Cod.</strong></span> <span class='ocrx_word' id='word_1_332' title='bbox 720 2442 928 2474; x_wconf 77' lang='lat' dir='ltr'><strong>Graevz&#39;anus</strong></span> <span class='ocrx_word' id='word_1_333' title='bbox 953 2453 1046 2475; x_wconf 87' lang='lat' dir='ltr'><strong>saec.</strong></span> <span class='ocrx_word' id='word_1_334' title='bbox 1074 2444 1118 2476; x_wconf 89' lang='lat' dir='ltr'><strong>X.</strong></span> <span class='ocrx_word' id='word_1_335' title='bbox 1145 2438 1495 2487; x_wconf 77' lang='lat' dir='ltr'><strong>praestantissimus,</strong></span> <span class='ocrx_word' id='word_1_336' title='bbox 1530 2449 1565 2480; x_wconf 89' lang='lat' dir='ltr'><strong>in</strong></span> <span class='ocrx_word' id='word_1_337' title='bbox 1590 2460 1651 2481; x_wconf 93' lang='lat' dir='ltr'><strong>no-</strong></span> 
     </span>
     <span class='ocr_line' id='line_1_37' title="bbox 177 2497 1648 2547; baseline 0.007 -20"><span class='ocrx_word' id='word_1_338' title='bbox 177 2500 253 2528; x_wconf 86' lang='lat' dir='ltr'><strong>stra</strong></span> <span class='ocrx_word' id='word_1_339' title='bbox 280 2497 417 2539; x_wconf 85' lang='lat' dir='ltr'><strong>sylloge</strong></span> <span class='ocrx_word' id='word_1_340' title='bbox 442 2498 505 2530; x_wconf 86' lang='lat' dir='ltr'><strong>Nr.</strong></span> <span class='ocrx_word' id='word_1_341' title='bbox 532 2498 588 2530; x_wconf 84' lang='grc'><strong>23.</strong></span> <span class='ocrx_word' id='word_1_342' title='bbox 616 2499 677 2529; x_wconf 90' lang='lat' dir='ltr'><strong>ubi</strong></span> <span class='ocrx_word' id='word_1_343' title='bbox 698 2498 858 2540; x_wconf 88' lang='lat' dir='ltr'><strong>pluribus</strong></span> <span class='ocrx_word' id='word_1_344' title='bbox 885 2500 928 2531; x_wconf 90' lang='lat' dir='ltr'><strong>de</strong></span> <span class='ocrx_word' id='word_1_345' title='bbox 950 2511 990 2532; x_wconf 92' lang='lat' dir='ltr'><strong>eo</strong></span> <span class='ocrx_word' id='word_1_346' title='bbox 1017 2502 1155 2542; x_wconf 74' lang='lat' dir='ltr'><strong>egimus</strong></span> <span class='ocrx_word' id='word_1_347' title='bbox 1182 2502 1320 2544; x_wconf 85' lang='lat' dir='ltr'><strong>(Comb.</strong></span> <span class='ocrx_word' id='word_1_348' title='bbox 1347 2505 1395 2547; x_wconf 86' lang='lat' dir='ltr'><strong>a).</strong></span> <span class='ocrx_word' id='word_1_349' title='bbox 1428 2524 1470 2527; x_wconf 97' lang='lat'><strong>—</strong></span> <span class='ocrx_word' id='word_1_350' title='bbox 1505 2506 1540 2547; x_wconf 86' lang='grc'><strong>2)</strong></span> <span class='ocrx_word' id='word_1_351' title='bbox 1569 2507 1648 2539; x_wconf 77' lang='lat' dir='ltr'><strong>Cod.</strong></span> 
     </span>
     <span class='ocr_line' id='line_1_38' title="bbox 182 2555 1651 2606; baseline 0.007 -20"><span class='ocrx_word' id='word_1_352' title='bbox 182 2555 353 2587; x_wconf 77' lang='lat' dir='ltr'><strong>Leidensz&#39;s</strong></span> <span class='ocrx_word' id='word_1_353' title='bbox 386 2555 473 2588; x_wconf 88' lang='lat' dir='ltr'><strong>bibl.</strong></span> <span class='ocrx_word' id='word_1_354' title='bbox 513 2555 615 2587; x_wconf 87' lang='lat' dir='ltr'><strong>acad.</strong></span> <span class='ocrx_word' id='word_1_355' title='bbox 649 2556 901 2597; x_wconf 81' lang='lat' dir='ltr'><strong>Lugdunensis</strong></span> <span class='ocrx_word' id='word_1_356' title='bbox 933 2568 1027 2590; x_wconf 86' lang='lat' dir='ltr'><strong>saec.</strong></span> <span class='ocrx_word' id='word_1_357' title='bbox 1061 2560 1105 2591; x_wconf 91' lang='lat' dir='ltr'><strong>X.</strong></span> <span class='ocrx_word' id='word_1_358' title='bbox 1143 2571 1186 2591; x_wconf 87' lang='lat' dir='ltr'><strong>ex</strong></span> <span class='ocrx_word' id='word_1_359' title='bbox 1218 2572 1354 2594; x_wconf 75' lang='lat' dir='ltr'><strong>recenS.</strong></span> <span class='ocrx_word' id='word_1_360' title='bbox 1387 2563 1498 2595; x_wconf 87' lang='lat' dir='ltr'><strong>Vettii</strong></span> <span class='ocrx_word' id='word_1_361' title='bbox 1527 2564 1651 2606; x_wconf 85' lang='lat' dir='ltr'><strong>Agorii</strong></span> 
     </span>
     <span class='ocr_line' id='line_1_39' title="bbox 179 2613 1650 2658; baseline 0.007 -14"><span class='ocrx_word' id='word_1_362' title='bbox 179 2613 335 2644; x_wconf 78' lang='lat' dir='ltr'><strong>consulis</strong></span> <span class='ocrx_word' id='word_1_363' title='bbox 368 2614 489 2653; x_wconf 84' lang='lat' dir='ltr'><strong>Rom.,</strong></span> <span class='ocrx_word' id='word_1_364' title='bbox 523 2615 610 2646; x_wconf 91' lang='lat' dir='ltr'><strong>Hor.</strong></span> <span class='ocrx_word' id='word_1_365' title='bbox 644 2615 764 2645; x_wconf 85' lang='lat' dir='ltr'><strong>omnia</strong></span> <span class='ocrx_word' id='word_1_366' title='bbox 794 2618 889 2646; x_wconf 87' lang='grc'><strong>00111.</strong></span> <span class='ocrx_word' id='word_1_367' title='bbox 924 2614 979 2657; x_wconf 92' lang='lat' dir='ltr'><strong>(v.</strong></span> <span class='ocrx_word' id='word_1_368' title='bbox 1011 2617 1103 2649; x_wconf 88' lang='lat' dir='ltr'><strong>Nov.</strong></span> <span class='ocrx_word' id='word_1_369' title='bbox 1136 2619 1373 2658; x_wconf 83' lang='lat' dir='ltr'><strong>Quaestiones</strong></span> <span class='ocrx_word' id='word_1_370' title='bbox 1409 2624 1551 2653; x_wconf 86' lang='lat' dir='ltr'><strong>nostras</strong></span> <span class='ocrx_word' id='word_1_371' title='bbox 1584 2622 1650 2654; x_wconf 91' lang='lat' dir='ltr'><strong>sub</strong></span> 
     </span>
     <span class='ocr_line' id='line_1_40' title="bbox 178 2671 1652 2715; baseline 0.006 -12"><span class='ocrx_word' id='word_1_372' title='bbox 178 2672 239 2703; x_wconf 87' lang='lat' dir='ltr'><strong>Nr.</strong></span> <span class='ocrx_word' id='word_1_373' title='bbox 267 2671 322 2704; x_wconf 78' lang='lat'><strong>35.</strong></span> <span class='ocrx_word' id='word_1_374' title='bbox 350 2683 385 2714; x_wconf 92' lang='lat' dir='ltr'><strong>p.</strong></span> <span class='ocrx_word' id='word_1_375' title='bbox 413 2671 483 2714; x_wconf 82' lang='lat'><strong>36.)</strong></span> <span class='ocrx_word' id='word_1_376' title='bbox 518 2690 560 2694; x_wconf 92' lang='grc'><strong>--</strong></span> <span class='ocrx_word' id='word_1_377' title='bbox 588 2671 622 2715; x_wconf 87' lang='grc'><strong>3)</strong></span> <span class='ocrx_word' id='word_1_378' title='bbox 651 2673 730 2706; x_wconf 79' lang='lat' dir='ltr'><strong>Cod.</strong></span> <span class='ocrx_word' id='word_1_379' title='bbox 759 2673 1021 2706; x_wconf 74' lang='lat' dir='ltr'><strong>Zulichemiamcs</strong></span> <span class='ocrx_word' id='word_1_380' title='bbox 1055 2686 1149 2707; x_wconf 82' lang='lat' dir='ltr'><strong>saec.</strong></span> <span class='ocrx_word' id='word_1_381' title='bbox 1172 2676 1236 2708; x_wconf 84' lang='lat' dir='ltr'><strong>XI.</strong></span> <span class='ocrx_word' id='word_1_382' title='bbox 1285 2677 1402 2709; x_wconf 88' lang='lat' dir='ltr'><strong>Huius</strong></span> <span class='ocrx_word' id='word_1_383' title='bbox 1435 2682 1469 2710; x_wconf 87' lang='lat' dir='ltr'><strong>et</strong></span> <span class='ocrx_word' id='word_1_384' title='bbox 1501 2679 1652 2712; x_wconf 88' lang='lat' dir='ltr'><strong>Leiden-</strong></span> 
     </span>
     <span class='ocr_line' id='line_1_41' title="bbox 179 2729 1651 2771; baseline 0.007 -11"><span class='ocrx_word' id='word_1_385' title='bbox 179 2729 228 2760; x_wconf 84' lang='lat' dir='ltr'><strong>sis</strong></span> <span class='ocrx_word' id='word_1_386' title='bbox 261 2729 345 2770; x_wconf 88' lang='lat' dir='ltr'><strong>(Nr.</strong></span> <span class='ocrx_word' id='word_1_387' title='bbox 375 2729 430 2771; x_wconf 86' lang='grc'><strong>2.)</strong></span> <span class='ocrx_word' id='word_1_388' title='bbox 464 2731 676 2762; x_wconf 85' lang='lat' dir='ltr'><strong>varietatem</strong></span> <span class='ocrx_word' id='word_1_389' title='bbox 707 2741 728 2761; x_wconf 88' lang='lat' dir='ltr'><strong>a</strong></span> <span class='ocrx_word' id='word_1_390' title='bbox 760 2731 804 2762; x_wconf 91' lang='lat' dir='ltr'><strong>N.</strong></span> <span class='ocrx_word' id='word_1_391' title='bbox 838 2731 989 2763; x_wconf 87' lang='lat' dir='ltr'><strong>Heinsio</strong></span> <span class='ocrx_word' id='word_1_392' title='bbox 1022 2736 1203 2765; x_wconf 84' lang='lat' dir='ltr'><strong>enotatam</strong></span> <span class='ocrx_word' id='word_1_393' title='bbox 1236 2744 1308 2766; x_wconf 87' lang='grc'><strong>11113</strong></span> <span class='ocrx_word' id='word_1_394' title='bbox 1344 2746 1423 2767; x_wconf 84' lang='grc'><strong>011111</strong></span> <span class='ocrx_word' id='word_1_395' title='bbox 1457 2737 1532 2769; x_wconf 88' lang='lat' dir='ltr'><strong>eius</strong></span> <span class='ocrx_word' id='word_1_396' title='bbox 1571 2749 1651 2770; x_wconf 88' lang='lat' dir='ltr'><strong>con-</strong></span> 
     </span>
     <span class='ocr_line' id='line_1_42' title="bbox 179 2777 1651 2837; baseline 0.007 -19"><span class='ocrx_word' id='word_1_397' title='bbox 179 2787 325 2818; x_wconf 88' lang='lat' dir='ltr'><strong>iecturis</strong></span> <span class='ocrx_word' id='word_1_398' title='bbox 362 2788 402 2819; x_wconf 94' lang='lat' dir='ltr'><strong>P.</strong></span> <span class='ocrx_word' id='word_1_399' title='bbox 436 2788 662 2821; x_wconf 84' lang='lat' dir='ltr'><strong>Burmannus</strong></span> <span class='ocrx_word' id='word_1_400' title='bbox 703 2788 749 2820; x_wconf 87' lang='lat' dir='ltr'><strong>ad</strong></span> <span class='ocrx_word' id='word_1_401' title='bbox 781 2777 982 2821; x_wconf 81' lang='lat' dir='ltr'><strong>Bentleium</strong></span> <span class='ocrx_word' id='word_1_402' title='bbox 1022 2792 1290 2833; x_wconf 86' lang='lat' dir='ltr'><strong>transmiserat,</strong></span> <span class='ocrx_word' id='word_1_403' title='bbox 1333 2804 1464 2836; x_wconf 86' lang='lat' dir='ltr'><strong>easque</strong></span> <span class='ocrx_word' id='word_1_404' title='bbox 1503 2795 1600 2837; x_wconf 86' lang='lat' dir='ltr'><strong>ipsas</strong></span> <span class='ocrx_word' id='word_1_405' title='bbox 1633 2806 1651 2827; x_wconf 91' lang='lat' dir='ltr'><strong>e</strong></span> 
     </span>
     <span class='ocr_line' id='line_1_43' title="bbox 178 2845 1650 2895; baseline 0.007 -20"><span class='ocrx_word' id='word_1_406' title='bbox 178 2845 374 2876; x_wconf 86' lang='lat' dir='ltr'><strong>Burmanni</strong></span> <span class='ocrx_word' id='word_1_407' title='bbox 398 2845 536 2888; x_wconf 85' lang='lat' dir='ltr'><strong>sylloge</strong></span> <span class='ocrx_word' id='word_1_408' title='bbox 557 2848 755 2889; x_wconf 86' lang='lat' dir='ltr'><strong>exscriptas</strong></span> <span class='ocrx_word' id='word_1_409' title='bbox 777 2858 979 2887; x_wconf 85' lang='lat' dir='ltr'><strong>servamus;</strong></span> <span class='ocrx_word' id='word_1_410' title='bbox 1003 2849 1066 2880; x_wconf 87' lang='lat' dir='ltr'><strong>sed</strong></span> <span class='ocrx_word' id='word_1_411' title='bbox 1087 2849 1222 2881; x_wconf 85' lang='lat' dir='ltr'><strong>codicis</strong></span> <span class='ocrx_word' id='word_1_412' title='bbox 1237 2851 1373 2884; x_wconf 92' lang='lat' dir='ltr'><strong>Zulich.</strong></span> <span class='ocrx_word' id='word_1_413' title='bbox 1399 2857 1568 2895; x_wconf 87' lang='lat' dir='ltr'><strong>excerpta</strong></span> <span class='ocrx_word' id='word_1_414' title='bbox 1590 2864 1650 2885; x_wconf 88' lang='lat' dir='ltr'><strong>no—</strong></span> 
     </span>
     <span class='ocr_line' id='line_1_44' title="bbox 179 2902 1650 2952; baseline 0.007 -19"><span class='ocrx_word' id='word_1_415' title='bbox 179 2906 255 2933; x_wconf 82' lang='lat' dir='ltr'><strong>stra</strong></span> <span class='ocrx_word' id='word_1_416' title='bbox 284 2902 388 2934; x_wconf 86' lang='lat' dir='ltr'><strong>modo</strong></span> <span class='ocrx_word' id='word_1_417' title='bbox 421 2903 466 2935; x_wconf 85' lang='lat' dir='ltr'><strong>ad</strong></span> <span class='ocrx_word' id='word_1_418' title='bbox 498 2908 572 2936; x_wconf 83' lang='lat' dir='ltr'><strong>tres</strong></span> <span class='ocrx_word' id='word_1_419' title='bbox 605 2906 740 2947; x_wconf 85' lang='lat' dir='ltr'><strong>priores</strong></span> <span class='ocrx_word' id='word_1_420' title='bbox 772 2905 929 2937; x_wconf 84' lang='lat' dir='ltr'><strong>Odarum</strong></span> <span class='ocrx_word' id='word_1_421' title='bbox 962 2906 1072 2938; x_wconf 84' lang='lat' dir='ltr'><strong>libros</strong></span> <span class='ocrx_word' id='word_1_422' title='bbox 1106 2908 1298 2949; x_wconf 86' lang='lat' dir='ltr'><strong>pertinent.</strong></span> <span class='ocrx_word' id='word_1_423' title='bbox 1335 2909 1474 2951; x_wconf 86' lang='lat' dir='ltr'><strong>(Novae</strong></span> <span class='ocrx_word' id='word_1_424' title='bbox 1499 2912 1650 2952; x_wconf 79' lang='lat' dir='ltr'><strong>Quaest.</strong></span> 
     </span>
     <span class='ocr_line' id='line_1_45' title="bbox 178 2961 1651 3009; baseline 0.007 -19"><span class='ocrx_word' id='word_1_425' title='bbox 178 2963 321 2991; x_wconf 85' lang='lat' dir='ltr'><strong>nostrae</strong></span> <span class='ocrx_word' id='word_1_426' title='bbox 345 2971 379 3002; x_wconf 90' lang='lat' dir='ltr'><strong>p.</strong></span> <span class='ocrx_word' id='word_1_427' title='bbox 404 2961 476 3003; x_wconf 78' lang='lat'><strong>56.)</strong></span> <span class='ocrx_word' id='word_1_428' title='bbox 503 2981 546 2985; x_wconf 97' lang='lat'><strong>—</strong></span> <span class='ocrx_word' id='word_1_429' title='bbox 572 2964 606 3004; x_wconf 88' lang='grc'><strong>4)</strong></span> <span class='ocrx_word' id='word_1_430' title='bbox 634 2964 714 2995; x_wconf 75' lang='lat' dir='ltr'><strong>Coti.</strong></span> <span class='ocrx_word' id='word_1_431' title='bbox 740 2965 926 2995; x_wconf 74' lang='lat' dir='ltr'><strong>Vossianus</strong></span> <span class='ocrx_word' id='word_1_432' title='bbox 949 2965 1056 2997; x_wconf 73' lang='lat' dir='ltr'><strong>Gerh.</strong></span> <span class='ocrx_word' id='word_1_433' title='bbox 1078 2966 1179 2998; x_wconf 82' lang='lat' dir='ltr'><strong>Ioan.</strong></span> <span class='ocrx_word' id='word_1_434' title='bbox 1202 2967 1339 3007; x_wconf 84' lang='lat' dir='ltr'><strong>vossii,</strong></span> <span class='ocrx_word' id='word_1_435' title='bbox 1366 2969 1409 3000; x_wconf 92' lang='lat' dir='ltr'><strong>V.</strong></span> <span class='ocrx_word' id='word_1_436' title='bbox 1436 2969 1524 3009; x_wconf 64' lang='lat' dir='ltr'><strong>Cel„</strong></span> <span class='ocrx_word' id='word_1_437' title='bbox 1551 2970 1651 3001; x_wconf 89' lang='lat' dir='ltr'><strong>cuius</strong></span> 
     </span>
    </p>
   </div>
   <div class='ocr_carea' id='block_1_9' title="bbox 0 3029 392 3434">
    <p class='ocr_par' dir='ltr' id='par_1_11' title="bbox 0 3029 392 3434">
     <span class='ocr_line' id='line_1_46' title="bbox 0 3029 392 3434; baseline 0 0"><span class='ocrx_word' id='word_1_438' title='bbox 0 3029 392 3434; x_wconf 95' lang='lat' dir='ltr'><strong> </strong></span> 
     </span>
    </p>
   </div>
   <div class='ocr_carea' id='block_1_10' title="bbox 388 3431 1000 3434">
    <p class='ocr_par' dir='ltr' id='par_1_12' title="bbox 388 3431 1000 3434">
     <span class='ocr_line' id='line_1_47' title="bbox 388 3431 1000 3434; baseline 0 0"><span class='ocrx_word' id='word_1_439' title='bbox 388 3431 1000 3434; x_wconf 95' lang='lat' dir='ltr'><strong> </strong></span> 
     </span>
    </p>
   </div>
  </div>
 </body>
</html>
