2007 3434
438 304 622 334 INDICES
655 304 892 333 LIBRORUM
923 305 1051 334 MSST.
1087 303 1144 333 ET
1175 303 1434 334 EDITORUM.
1523 304 1671 333 xxxlx

199 414 273 449 est,
298 413 338 441 ut
359 409 544 451 vulgatam
569 408 646 439 eius
673 408 808 439 sacculi
833 407 1021 440 lectionem
1048 407 1293 448 constituerit,
1325 417 1431 449 quam
1457 406 1668 445 Glareanus,

198 467 287 499 Rob.
315 466 537 508 Stephanus,
562 466 745 505 Muretus,
777 465 990 506 Lambinus,
1017 466 1222 505 Fabricius,
1250 465 1447 507 Cruquius‚
1474 464 1670 506 Xylander,

198 526 244 558 D.
271 525 440 556 Heinsius
465 523 597 565 aliique
622 523 724 555 multi
749 523 1020 556 fundamentum
1043 525 1116 556 suis
1141 523 1358 555 editionibus
1385 523 1560 555 fecerunt.

289 582 347 624 ⁴20)
376 581 457 613 Ald.
483 581 555 612 IV.
603 581 770 612 Aldina
795 586 973 623 quarta,
1005 583 1089 613 1527
1114 581 1150 612 in
1166 581 1248 613 8vo.
1290 581 1450 612 Venetiis
1469 580 1505 611 in
1521 578 1670 611 aedibus

198 639 280 672 Aldi
306 643 341 672 et
365 639 529 671 Andreae
554 639 669 670 soceri
694 649 815 670 mense
840 639 1052 680 Septembri.
1102 639 1207 670 Hanc
1232 637 1288 670 ed.
1313 648 1355 670 cx
1376 637 1507 669 Aldina
1525 637 1594 669 111.
1620 637 1673 668 ita

200 701 368 729 accurate
393 707 599 739 expressam
623 700 659 729 et
683 697 727 728 ab
752 697 856 728 initio
883 697 929 728 ad
954 697 1059 729 finem
1079 696 1131 727 ita
1148 696 1256 728 etiam
1283 696 1319 726 in
1336 695 1502 726 soliorum
1523 704 1671 726 numero

192 765 436 802 yersuumque
467 755 504 786 in
535 754 685 797 singulis
719 755 861 796 paginis
897 758 932 787 et
963 755 999 786 in
1032 764 1150 786 rerum
1180 753 1304 785 ordine
1342 752 1452 793 (adeo
1478 753 1514 784 in
1540 752 1672 784 omisso

198 813 276 845 loco
302 823 411 854 supra
435 812 546 854 dicto)
578 813 630 844 ita
663 822 742 844 cum
774 811 835 843 illa
860 811 1152 851 convenientem,
1187 815 1226 842 ut
1261 814 1402 852 praeter
1434 810 1673 842 anninotam

199 873 235 902 et
267 870 545 902 admonitionem
584 870 629 902 ad
661 869 832 902 lectorem
863 870 900 901 111
937 869 1033 901 tituli
1066 869 1199 911 pagina
1237 879 1364 900 aversa
1403 879 1548 910 prorsus
1586 868 1674 899 nihil

197 928 282 960 novi
303 928 445 968 afferat,
472 928 540 960 etsi
564 927 729 959 manibus
751 927 1006 966 tractavimus,
1033 930 1072 958 ut
1089 926 1264 968 reliquas,
1291 930 1411 957 tamen
1434 926 1470 957 in
1497 929 1673 967 apparatu

200 990 322 1019 nostro
349 997 546 1018 memorare
571 995 878 1027 supervacaneum
904 985 1080 1016 duximus,

291 1044 349 1086 21)
368 1045 478 1077 Colon.
492 1054 519 1077 s.
533 1054 565 1077 α.
593 1044 662 1083 „Q.
680 1043 823 1075 Horatii
839 1043 962 1075 Flacci
980 1030 1169 1075 Sermones
1196 1041 1423 1073 exactissime
1446 1040 1516 1071 iam
1538 1039 1675 1081 pridem

201 1102 353 1134 exarati.
389 1101 560 1133 Coloniae
584 1102 621 1132 in
647 1100 793 1132 officina
817 1100 970 1132 filiorum
989 1099 1195 1140 Quentell
1219 1099 1265 1130 ad
1280 1098 1455 1130 Maium.“
1482 1098 1557 1129 -1to.
1605 1097 1675 1128 Ra-

201 1160 381 1191 rissimum
414 1158 509 1190 hunc
541 1158 700 1190 libellum
725 1157 924 1190 Mitscherl.
960 1157 1074 1199 praef.
1110 1167 1145 1198 p.
1174 1156 1218 1188 76
1249 1155 1374 1187 merito
1409 1154 1464 1186 vel
1498 1154 1544 1186 ad
1569 1153 1675 1186 finem

200 1227 294 1249 sace.
320 1217 397 1249 XV.
432 1216 489 1248 vel
521 1216 566 1248 ad
599 1217 740 1248 initium
766 1216 951 1258 sequentis
976 1215 1099 1247 refert.
1150 1214 1242 1246 Nam
1273 1213 1310 1244 in
1336 1212 1463 1244 Satiris
1486 1212 1675 1243 Ascensia-

199 1286 267 1307 nae
289 1275 319 1306 I.
353 1273 484 1306 fundus
516 1284 593 1306 esse
625 1273 768 1306 videtur
797 1284 876 1305 cum
907 1274 987 1315 ipsa
1012 1273 1086 1305 fere
1117 1281 1261 1313 prorsus
1287 1270 1527 1312 conspirantis
1561 1268 1676 1310 (velut

199 1334 235 1365 in
269 1333 300 1365 1.
325 1332 401 1364 Sat.
433 1331 466 1370 6,
496 1332 528 1363 5.
561 1336 658 1362 acuto
688 1331 724 1362 in
757 1334 878 1370 textu,
912 1331 1041 1362 adunco
1074 1330 1111 1361 in
1143 1328 1286 1370 comm.)
1337 1327 1408 1360 Sed
1439 1338 1523 1358 suas
1554 1330 1675 1359 tamen

199 1390 361 1433 proprias
386 1388 558 1421 lectiones
583 1388 710 1428 habet,
745 1388 844 1420 velut
873 1388 904 1420 Ι.
932 1388 1008 1420 Sat.
1037 1387 1068 1427 l,
1094 1387 1173 1418 init.
1208 1396 1304 1428 quam
1327 1385 1388 1418 tibi
1410 1389 1445 1416 et
1470 1396 1504 1416 v.
1532 1384 1565 1417 3.
1599 1395 1675 1416 con-

197 1452 304 1480 tentus
325 1448 417 1479 vivas
442 1444 548 1488 (qnae
572 1445 672 1477 lectt.
699 1446 735 1477 in
760 1446 948 1488 Apparatu
971 1449 1094 1476 nostro
1120 1443 1321 1485 addendae)
1348 1446 1383 1474 et
1407 1441 1507 1474 alibi.

291 1503 349 1547 22)
376 1503 516 1536 Ascens.
534 1503 565 1537 I.
595 1503 696 1537 1503.
716 1503 794 1536 Fol.
824 1503 1110 1535 Ascensiana
1132 1501 1296 1542 prima,
1324 1510 1429 1540 „cum
1447 1499 1677 1531 exactissima

199 1563 348 1595 Antonii
371 1561 579 1594 Mancinelli
603 1565 638 1594 et
661 1572 741 1594 cnm
766 1561 936 1593 familiari
961 1561 1086 1593 Iodoci
1098 1559 1204 1592 Badii
1220 1558 1384 1590 Ascensii
1409 1557 1675 1599 explanatione.

199 1621 242 1653 In
266 1619 489 1652 nobilissimo
514 1619 779 1651 Parrhisiorum
803 1618 1033 1661 gymnasi0.“
1084 1616 1248 1658 (Lyrica‚
1283 1616 1325 1647 A.
1353 1619 1449 1657 poet.
1477 1617 1512 1647 et
1537 1615 1676 1647 Sermo-

199 1689 261 1711 nes
293 1688 373 1710 cum
399 1676 571 1718 Epistolis
608 1677 803 1718 separatim
839 1675 954 1719 editi.)
1004 1674 1096 1707 Edd.
1130 1673 1375 1706 Ascensianae
1406 1673 1481 1705 fere
1513 1671 1678 1714 singulae

199 1736 312 1770 multa
345 1727 542 1777 peculiaria
565 1733 719 1773 habent,
754 1734 905 1766 necdum
937 1733 1026 1765 satis
1059 1743 1081 1764 a
1112 1732 1198 1763 viris
1232 1730 1346 1762 doctis
1376 1740 1549 1762 excussae
1579 1733 1675 1761 sunt.

197 1796 301 1828 Haec
331 1793 446 1834 prima
471 1791 611 1833 (1503),
640 1791 753 1823 altera
778 1791 884 1831 1505,
919 1790 1029 1822 tertia
1063 1788 1163 1821 1516.
1197 1798 1278 1819 cum
1302 1787 1400 1819 Flor.
1427 1787 1584 1819 Landim'
1607 1788 1675 1820 482

199 1855 234 1884 et
258 1851 399 1882 Veneta
430 1849 545 1881 Pincii
571 1849 638 1880 492
670 1848 878 1890 plerumque
910 1848 1138 1888 conspirant,
1175 1845 1279 1877 modo
1312 1845 1462 1876 Ascens.
1491 1846 1522 1876 I.
1558 1845 1677 1886 magis

201 1920 281 1942 cum
305 1907 360 1940 ed.
388 1905 513 1938 Colon.
538 1915 567 1936 s.
596 1915 628 1936 a.

294 1964 352 2007 ⁶23)
380 1963 523 1995 Ascens.
551 1962 620 1994 IV.
659 1961 758 1994 1519.
784 1961 862 1994 Fol.
906 1962 961 1993 As
975 1961 1191 1993 censiana
1216 1963 1392 2002 quarta,
1419 1969 1499 1991 cum
1524 1962 1679 2001 quatuor

201 2021 486 2060 commentariis,
518 2019 687 2058 Acronis,
721 2019 853 2060 Porph.
886 2019 970 2050 Ant.
1002 2017 1229 2057 Mancinelli‚
1260 2016 1338 2048 Iod.
1364 2016 1471 2048 Badii
1502 2017 1678 2057 Ascensii,

201 2089 350 2122 cumque
375 2079 524 2110 Annott.
552 2075 707 2108 Matth.
735 2075 964 2115 Bonfinis,
1000 2075 1093 2107 inter
1118 2074 1358 2106 Ascensianas
1385 2073 1679 2105 emendatissima

199 2138 363 2170 habetur.
414 2135 468 2167 Ab
493 2135 642 2166 Ascens.
669 2134 699 2165 I.
734 2134 770 2165 in
795 2133 916 2165 multis
943 2133 1080 2173 differt,
1117 2136 1152 2164 et
1177 2132 1221 2164 ab
1249 2131 1340 2163 Aldo
1366 2130 1470 2173 plura
1495 2132 1677 2171 assumsit,

199 2196 304 2239 plura
328 2194 483 2226 fortasse
508 2203 527 2224 e
553 2191 656 2224 codd.
683 2202 767 2224 mss.
795 2202 884 2233 qnos
912 2194 1009 2223 certe
1032 2190 1193 2223 Bonfim’s
1220 2189 1452 2222 consultavit.
1504 2188 1575 2221 Sed
1601 2189 1676 2221 eius

200 2252 428 2285 coniecturae
461 2251 499 2282 in
522 2252 661 2281 textum
685 2260 757 2281 non
789 2252 873 2280 sunt
906 2252 1085 2290 receptae.
1138 2247 1292 2280 Omnino
1318 2247 1481 2288 proprias
1505 2245 1678 2278 lectiones

198 2310 289 2342 haec
313 2309 368 2341 ed.
395 2307 526 2340 multas
554 2306 675 2347 affert,
712 2317 801 2348 quas
828 2306 1042 2348 Cuningam.
1067 2305 1293 2347 potissimum
1317 2304 1354 2335 in
1378 2314 1461 2336 suos
1486 2314 1572 2335 usus
1597 2314 1679 2335 con-

202 2367 350 2400 vertit.-
377 2365 637 2397 Ascensianam
659 2363 823 2396 ultimam
849 2374 881 2395 a.
910 2363 1000 2396 1529
1024 2373 1096 2394 non
1119 2362 1286 2393 vidimus

293 2423 352 2465 24)
379 2421 517 2455 Mediol.
538 2421 638 2454 1508.
672 2421 752 2453 Fol.
786 2421 991 2460 „Horatius
1013 2431 1092 2452 cum
1110 2423 1280 2462 quattuor
1299 2418 1575 2451 commentarius
1597 2416 1678 2461 (sic)

201 2480 369 2513 videlicet
398 2478 548 2511 Porfirio
582 2478 723 2510 Acrono
755 2478 880 2510 Oratio
911 2478 1076 2509 Landino
1109 2476 1367 2510 Mancinello,“
1416 2476 1586 2508 Subiecta
1624 2479 1679 2508 est

201 2539 320 2581 imago
345 2537 444 2579 ligno
471 2536 587 2568 incisa
610 2535 709 2567 rudis
729 2535 855 2567 horum
880 2536 1209 2577 quinquevirorum.
1253 2534 1326 2566 Sub
1351 2533 1470 2566 indice
1493 2534 1530 2564 in
1553 2533 1678 2575 quinto

201 2596 264 2629 fol.
294 2595 450 2637 ‚legiturz
499 2594 717 2635 Impressum
755 2593 1010 2625 Mediolani
1045 2603 1108 2634 per
1145 2591 1359 2633 Magistrum
1399 2590 1679 2622 Leonardum

201 2652 366 2686 Pachel
389 2663 422 2684 a.
443 2652 478 2684 d.
497 2650 789 2683 MCCCCCVIII.
807 2650 864 2682 die
884 2650 1015 2682 XXIV.
1033 2650 1201 2692 Augusti.
1223 2667 1270 2672 -—
1297 2648 1355 2691 25)
1373 2648 1468 2680 Huic
1482 2648 1539 2681 ed.
1555 2649 1679 2681 statim

203 2711 452 2753 subiungimus
479 2709 646 2741 alteram:
672 2708 814 2741 Mediol.
842 2708 946 2741 1512.
971 2707 1050 2740 Fol.
1100 2707 1200 2739 Idem
1223 2705 1369 2746 titulus,
1395 2705 1519 2737 eadem
1546 2706 1678 2748 imago.

204 2768 277 2801 Sub
308 2768 427 2799 indice
458 2768 496 2798 in
528 2767 653 2809 quinto
687 2765 748 2798 fol.
782 2765 933 2807 legitur:
966 2765 1184 2807 Impressum
1208 2763 1457 2796 Mediolani
1479 2774 1542 2805 per
1566 2765 1681 2808 Magi-

203 2829 316 2857 strum
340 2825 617 2857 Ludovieum
639 2824 687 2856 de
708 2823 909 2856 Bebulco
943 2833 976 2855 a.
1010 2823 1044 2854 d.
1070 2822 1345 2861 MCCCCCXII.
1371 2821 1429 2854 die
1451 2822 1583 2855 XXVI.
1609 2824 1681 2855 Au-

204 2883 314 2926 gusti.
363 2883 444 2914 Hae
467 2881 559 2913 duae
585 2881 760 2913 editiones
785 2881 951 2912 vitiosius
978 2891 1167 2922 expressae
1192 2879 1400 2922 mendisque
1425 2880 1575 2913 obrutae
1599 2892 1679 2913 cum

202 2940 352 2973 Venetis
379 2940 480 2971 1494.
508 2939 566 2972 95.
592 2938 637 2973 98
673 2939 778 2971 11111115
812 2939 886 2971 fere
919 2938 1071 2980 exempli
1106 2942 1189 2970 sunt
1220 2941 1256 2970 et
1288 2938 1325 2970 in
1353 2937 1506 2980 singulis
1537 2948 1680 2980 quoque
