2047 3433
388 329 571 358 XXXVIII
624 326 807 357 INDICES
841 324 1082 353 LIBRORUM
1114 324 1243 353 MSST.
1278 323 1333 352 ΕΤ
1368 323 1626 354 EDITORUM.

387 432 530 464 omnino
570 431 664 462 not-is
705 429 761 460 vel
799 427 1112 459 observationibus
1152 426 1296 458 additis.
1361 427 1467 458 Modo
1510 429 1544 459 in
1582 428 1694 468 prima
1731 428 1863 468 pagina

388 500 516 521 aversa
550 487 727 519 dedicatio
761 486 893 527 legitur
925 485 970 516 ad
992 485 1211 516 Marinum
1236 486 1503 525 Sannutum,
1537 485 1726 527 patricium
1750 485 1863 515 Vene-

388 551 474 578 tuin.
526 544 638 576 Tituli
666 543 800 584 eclogis
826 543 953 574 breves
979 542 1186 583 plerumque
1209 542 1370 583 praefixi.

482 603 535 637 17)
553 602 635 632 Alfi.
651 601 703 633 II.
731 601 894 632 Aldina
920 600 1088 639 altera,
1117 600 1205 632 150⁴.»
1225 601 1258 631 in
1277 602 1357 639 8v0,
1385 599 1488 641 pleno
1505 598 1629 630 titulo:
1657 600 1700 639 Q.
1722 598 1861 630 Horatii

387 661 507 692 Flacci
539 662 723 701 poemata,
762 659 798 689 in
834 659 963 699 quibus
999 661 1084 690 cett.
1120 657 1170 699 (v.
1197 669 1255 699 ap.
1283 658 1486 697 Scliwoiger
1512 658 1561 699 ῌ.
1589 668 1623 698 p.
1649 657 1744 698 390.)
1795 657 1862 688 His

388 718 588 749 subiectum
613 720 668 748 est
692 716 833 757 insigne
851 715 1030 755 Aldinum,
1057 725 1191 746 ancora
1210 715 1376 757 delphino
1402 714 1674 753 circumvoluta,
1700 715 1735 745 in
1761 714 1862 745 cuius

387 775 501 807 medio
534 784 663 806 nomen
694 773 868 805 ALDL'S.
918 773 960 804 In
990 772 1146 804 secundo
1180 772 1240 804 sol.
1275 772 1406 814 legitur
1439 772 1620 804 dedicatio
1646 771 1691 803 ad
1716 772 1868 803 Iafre—

387 832 482 863 dum
515 831 723 863 Oai-olum
754 831 896 862 Ictum
929 829 1248 862 Mediolanensem.
1299 831 1339 861 In
1374 830 1458 861 tine:
1493 830 1654 861 Venetiis
1687 829 1781 870 apud
1806 828 1864 860 Al-

387 890 469 921 dum
500 890 602 921 Rom.
636 899 758 920 mense
790 889 921 920 Martio
953 888 1091 919 MDIX.
1143 889 1244 920 Haec
1276 888 1407 919 Aldina
1438 888 1487 920 11.
1520 888 1636 929 prima
1666 890 1720 919 est
1753 887 1863 919 editio

387 958 469 979 vere
500 947 643 987 critica,
682 947 720 978 in
754 956 825 988 qua
855 945 966 977 Aldus
990 946 1175 977 Manutius
1207 950 1345 977 textum
1376 957 1446 977 non
1479 946 1592 977 solum
1625 945 1745 977 multis
1778 945 1865 977 locis

388 1005 591 1037 emendavit
618 1008 653 1036 et
679 1004 994 1036 observationibus
1018 1004 1153 1035 criticis
1179 1005 1216 1035 in
1239 1004 1464 1045 praefatione
1490 1004 1676 1042 instruxit,
1704 1003 1766 1035 sed
1792 1014 1865 1035 rem

386 1063 572 1095 metricam
612 1072 754 1104 quoque
797 1064 966 1093 accurate
1006 1062 1201 1101 tractavit,
1243 1064 1432 1093 comment.
1468 1060 1510 1092 de
1550 1061 1671 1092 metris
1704 1061 1792 1092 Hor.
1832 1061 1867 1091 in

389 1121 544 1164 praefat.
578 1120 757 1159 exhibita,
799 1130 906 1160 quam
937 1119 1042 1150 multi
1067 1123 1149 1160 post
1175 1119 1439 1160 repetiverunt,
1474 1121 1508 1149 ct
1542 1117 1692 1159 singulis
1727 1128 1869 1159 quoque
1925 1117 1929 1121 '

388 1179 465 1211 odis
494 1181 689 1210 metrorum
721 1177 1024 1218 descriptionibus
1056 1177 1257 1208 instructis.
1309 1175 1597 1217 Orthographiae
1624 1185 1765 1216 quoque
1797 1185 1869 1207 cer-

387 1241 461 1270 tam
491 1237 667 1269 rationem
694 1236 877 1277 ingressus
906 1238 961 1267 est
988 1236 1032 1267 ab
1060 1235 1114 1267 ed.
1142 1235 1171 1266 I.
1203 1235 1241 1265 in
1274 1233 1396 1265 multis
1422 1232 1667 1273 recedentem,
1702 1244 1781 1265 cum
1814 1244 1870 1265 ac-

389 1306 465 1328 cus.
497 1294 591 1336 plur.
622 1303 754 1325 vocum
777 1293 847 1324 III.
882 1292 1012 1324 declin.
1040 1293 1076 1323 in
1102 1292 1167 1323 eis
1195 1292 1253 1323 hic
1284 1291 1466 1322 induxerit
1499 1293 1534 1322 et
1566 1290 1639 1322 alia
1662 1291 1867 1322 mutaverit.

389 1352 531 1385 Titulos
557 1351 775 1393 Eclogarum
801 1361 844 1382 ex
859 1351 986 1383 Ald.I.
1013 1351 1192 1390 servavit,
1221 1355 1309 1391 quos
1337 1350 1445 1381 etiam
1461 1348 1657 1380 Lambinus
1683 1352 1765 1389 post
1791 1359 1870 1380 eum

389 1411 470 1443 aliis
503 1410 686 1442 assumsit.
736 1408 767 1439 A
800 1409 928 1439 ceteris
956 1407 1096 1439 Aldinis
1122 1408 1159 1438 in
1190 1407 1352 1448 pluribus
1380 1405 1516 1445 differt,
1550 1405 1649 1441 velut
1674 1406 1703 1437 I.
1732 1406 1800 1438 Od.
1826 1407 1870 1438 ‘25

389 1472 478 1501 extr.
497 1467 612 1509 prima
631 1466 787 1498 omnium
803 1466 909 1507 legit:
936 1465 1129 1497 Dedicet
1145 1466 1271 1496 Euro.
1297 1464 1475 1505 reliquae:
1498 1463 1693 1495 Dedicet
1710 1464 1870 1496 Hebro.

485 1525 540 1566 18)
563 1524 658 1556 Huic
674 1523 825 1555 Aldinae
838 1523 887 1554 II.
915 1523 1165 1565 subiungimus
1182 1523 1397 1554 mentionem
1413 1521 1467 1553 ed.
1487 1521 1572 1553 1511
1595 1521 1631 1551 in
1648 1520 1728 1553 Svo.
1749 1523 1870 1554 nescio

391 1595 460 1626 quo
493 1583 570 1614 iure
595 1581 916 1623 Lugdunensis
943 1581 1083 1620 dictae,
1119 1591 1224 1621 quam
1255 1580 1352 1611 Sim.
1380 1579 1463 1610 Car
1476 1579 1682 1620 pentario
1708 1580 1871 1612 tribuunt

391 1645 426 1673 et
460 1644 500 1672 ut
534 1649 644 1671 sanae
685 1638 968 1679 emendataeque
1000 1637 1167 1669 lectionis
1202 1637 1344 1678 plenam
1375 1637 1541 1669 laudibus
1581 1636 1731 1668 efferunt
1764 1638 1792 1669 Ι.
1827 1638 1869 1669 A.

390 1697 578 1731 Fabricius
607 1695 657 1736 (in
683 1695 771 1727 bibl.
799 1694 947 1737 Latina)
973 1695 1053 1726 Iani
1078 1695 1114 1725 in
1139 1695 1252 1735 praef.
1277 1705 1312 1736 p.
1332 1694 1387 1727 34.
1415 1694 1613 1725 Mitscherl.
1643 1692 1763 1735 (paulo
1790 1705 1871 1726 cau-

390 1756 476 1798 tius)
511 1765 581 1797 qua
606 1755 680 1785 Fea
712 1764 854 1795 quoque
886 1764 972 1784 usus
1006 1755 1073 1785 est.
1133 1753 1223 1784 Eius
1255 1751 1382 1783 titulus
1414 1752 1511 1783 viros
1547 1752 1671 1783 doctos
1712 1752 1875 1794 decepit3

391 1814 533 1847 omnino
571 1812 664 1843 enim
692 1811 782 1842 nihil
814 1811 950 1852 proprii
981 1810 1110 1850 habet,
1149 1809 1211 1841 sed
1245 1820 1286 1841 ex
1312 1809 1443 1840 Aldina
1468 1809 1516 1840 II.
1558 1809 1603 1840 ad
1636 1810 1806 1851 paginam
1838 1813 1874 1841 et

388 1872 547 1903 litteram
578 1879 691 1910 usque
717 1879 797 1900 cum
826 1868 991 1900 omnibus
1021 1867 1239 1909 typographi
1271 1866 1451 1898 erroribus
1478 1877 1649 1908 expressa
1673 1870 1744 1907 est,
1779 1868 1874 1909 quod

390 1930 560 1961 accurate
584 1927 752 1958 instituta
777 1925 923 1957 collatio
948 1936 1014 1957 nos
1042 1925 1176 1957 docuit.
1227 1924 1326 1956 Nihil
1352 1924 1396 1956 ab
1422 1924 1485 1955 illa
1510 1924 1646 1965 differt,
1681 1925 1753 1956 nisi
1779 1926 1875 1967 quod

390 1987 427 2018 in
459 1985 564 2018 titulo
597 1995 661 2026 pro
693 1984 796 2025 signo
821 1983 952 2015 Aldino
983 1982 1052 2014 lilii
1077 1982 1205 2015 Gallici
1231 1982 1339 2013 habet
1364 1982 1506 2024 insigne
1531 1982 1638 2013 rubro
1668 1982 1787 2014 colore
1818 1994 1875 2015 ex-

390 2054 566 2087 pressum.

483 2100 542 2142 19)
568 2098 652 2133 Ald,
672 2097 744 2131 III.
787 2097 954 2129 Aldina
974 2097 1135 2137 tertia,
1163 2096 1253 2128 1519
1271 2096 1307 2126 in
1328 2097 1409 2129 Svo.
1431 2096 1473 2135 Q.
1491 2096 1635 2127 Horatii
1651 2096 1774 2128 Flacci
1792 2108 1875 2139 poe—

391 2160 490 2190 mata
515 2156 635 2189 omnia
659 2158 745 2187 cett.
797 2155 841 2186 In
864 2154 953 2186 fine:
980 2154 1142 2186 Venetiis
1168 2154 1205 2184 in
1230 2153 1379 2184 aedibus
1402 2152 1483 2183 Aldi
1509 2156 1544 2184 et
1560 2153 1725 2185 Andreae
1747 2154 1876 2192 soceri,

391 2226 513 2260 mense
545 2213 741 2247 Novembri
773 2212 947 2244 MDXIX.
1005 2212 1100 2243 Huic
1134 2211 1284 2243 editioni
1318 2211 1475 2252 praefuit
1510 2214 1591 2251 post
1624 2211 1706 2242 Aldi
1739 2212 1876 2244 obitum

389 2276 545 2306 Frane.
588 2270 835 2310 Asulanus,
876 2270 940 2311 qui
975 2272 1117 2311 praeter
1155 2268 1286 2300 multos
1327 2268 1435 2307 alios,
1476 2271 1516 2299 ut
1558 2268 1627 2307 ait,
1667 2268 1876 2300 Andreae

391 2329 611 2371 Naugerii
639 2328 765 2367 etiam,
791 2327 861 2359 viri
883 2326 1160 2366 litteratissimi,
1194 2336 1260 2367 ope
1283 2336 1369 2356 usus
1396 2328 1462 2357 est.
1514 2326 1632 2365 Quare
1657 2335 1735 2356 eam
1757 2326 1875 2367 priore

390 2388 501 2420 multo
537 2386 809 2427 castigatiorem
841 2385 1000 2426 prodire,
1045 2385 1082 2415 in
1115 2384 1341 2416 dedicatione
1377 2383 1423 2414 ad
1457 2383 1669 2415 Ioannem
1703 2383 1876 2422 Picum,

390 2445 595 2484 Francisci,
624 2444 823 2476 Galliarum
838 2444 952 2484 regis,
980 2443 1158 2484 legatum,
1186 2442 1313 2473 merito
1339 2440 1537 2482 praedicat.
1590 2441 1694 2472 Certe
1719 2441 1877 2472 innume-

391 2503 438 2534 ris
465 2502 553 2534 locis
581 2512 602 2533 a
626 2501 746 2542 prisca
769 2500 942 2540 lectione,
976 2500 1097 2539 novis,
1131 2499 1255 2538 credo,
1289 2498 1474 2530 codicibus
1498 2498 1534 2528 in
1559 2501 1698 2539 partem
1721 2499 1875 2537 vocatis,

392 2560 546 2599 recedit,
582 2561 623 2590 ut
652 2569 715 2599 pro
748 2569 844 2590 nova
876 2558 1086 2590 recensione
1116 2556 1282 2588 habenda
1316 2556 1375 2587 sit.
1425 2555 1577 2587 Asulani
1614 2555 1877 2586 dedicationem

392 2617 554 2658 sequitur
572 2616 655 2648 Aldi
680 2615 859 2647 dedicatio
886 2626 929 2647 ex
955 2615 1009 2647 ed.
1038 2615 1088 2646 ΙΙ.
1119 2618 1195 2646 tum
1219 2614 1309 2646 Hor.
1336 2614 1412 2645 vita
1437 2623 1500 2654 per
1525 2613 1702 2644 Crinitum
1727 2611 1875 2643 Floren-

391 2675 518 2706 tinum.
580 2673 669 2705 Inde
702 2673 765 2705 fol.
798 2673 959 2705 1—156
999 2676 1119 2704 textus
1153 2674 1357 2713 poematum
1395 2671 1484 2701 Hor.
1545 2669 1704 2711 Singulis
1741 2669 1875 2711 eclogis

393 2731 490 2762 tituli
518 2731 700 2762 breviores
729 2740 835 2772 quam
860 2731 897 2761 in
922 2730 1004 2762 Ald.
1030 2730 1060 2762 Ι.
1090 2733 1125 2761 et
1149 2730 1199 2761 ΙΙ.
1234 2727 1396 2770 praefixi.
1447 2726 1588 2758 Deinde
1612 2727 1875 2759 Annotationes

394 2788 476 2818 Aldi
506 2788 662 2818 Manutii
693 2788 730 2819 in
752 2788 962 2827 Horatium,
998 2791 1033 2819 et
1065 2787 1196 2829 duplex
1228 2789 1421 2818 metrorum
1453 2784 1661 2825 descriptio.
1711 2784 1876 2825 Denique

393 2844 536 2876 Nicolai
560 2845 683 2875 Peroti
710 2845 892 2886 Sipontini
922 2845 1099 2886 praesulis
1123 2843 1267 2876 libellus
1299 2843 1344 2874 de
1375 2842 1497 2874 metris
1531 2842 1680 2874 odarum
1705 2842 1875 2874 Horatia-

392 2911 536 2939 narum,
572 2910 685 2941 usque
710 2902 755 2933 ad
780 2902 844 2934 fol.
870 2902 949 2934 189.
999 2904 1102 2934 Haec
1137 2902 1192 2934 ed.
1218 2902 1315 2943 typis
1341 2903 1510 2932 accurate
1543 2903 1578 2931 et
1603 2899 1792 2931 emendate
1819 2910 1876 2931 ex-

391 2968 516 3000 pressa
541 2956 659 2997 (modo
685 2958 721 2988 in
747 2958 814 2990 Od.
841 2959 889 2998 ΙΙ,
916 2960 950 2992 6.
976 2970 1010 2991 v.
1039 2960 1070 2991 1.
1100 2960 1132 2991 2.
1159 2958 1302 2999 desunt)
1337 2960 1479 2989 tantum
1504 2957 1734 2989 auctoritatis
1765 2959 1875 2988 nacta
