2007 3434
426 339 612 370 INDICES
643 339 881 370 LIBRORUM
912 338 1040 370 MSST.
1075 339 1131 369 ET
1162 338 1419 369 EDITORL'M.
1544 338 1655 366 XLIX

186 445 281 478 haud
305 455 421 488 pauca
444 445 482 476 in
503 444 591 486 ipsis
617 444 754 484 verbis,
790 448 864 476 tum
891 455 909 476 e
935 444 1026 484 suis,
1059 447 1134 475 tum
1161 432 1179 475 e
1204 442 1408 475 Marklandi
1432 443 1656 485 potissimum

185 503 420 543 coniecturis,
460 502 649 543 utriusque
679 502 871 533 maximam
904 505 1043 543 partem
1075 501 1224 543 ineptia,
1264 500 1368 543 plura
1401 501 1508 533 etiam
1539 501 1576 532 in
1605 499 1656 531 di-

183 561 437 593 stinctionibus
459 559 668 591 immutarit.
705 559 860 591 Notulae
885 559 930 591 ad
956 559 1090 591 calcem
1114 560 1299 601 utriusque
1318 558 1389 591 vol.
1417 558 1561 591 additae
1578 558 1655 590 bre-

182 620 350 651 vissimae
367 618 482 650 critici
499 618 639 660 generis
655 621 751 650 sunt.
778 618 860 649 Bini
875 618 973 650 tituli
989 619 1207 661 imaginibus
1226 628 1307 649 aere
1321 617 1504 659 impressis
1523 617 1653 649 ornati.

275 677 332 720 70)
358 676 526 709 I‘Vieland.
564 675 805 708 Wielandii
832 676 968 708 Satiras
982 677 1070 708 Hor.
1089 676 1300 709 Germanice
1314 675 1471 708 redditas
1488 675 1654 717 notisque

181 734 400 774 illustratas,
431 734 530 776 LiPS.
558 733 646 766 1804
672 732 753 774 (Ed.
781 733 809 765 Ι.
839 734 962 775 1786),
991 733 1134 766 silentio
1160 734 1217 766 hic
1245 734 1440 776 praeterire
1465 733 1580 773 nolui,
1616 736 1655 764 ut

181 792 297 824 rarius
320 793 356 823 in
378 795 553 834 apparatu
578 795 701 824 nostro
727 792 871 824 citatas.
914 793 1069 824 Textum
1091 796 1216 825 auctor
1230 792 1480 825 Bentleianum
1504 790 1655 823 subinde

181 854 357 882 mutatum
382 850 491 883 dedit.

274 907 331 950 71)
353 908 459 941 Azar.
496 907 587 940 Ioh.
606 907 823 940 Nicolaus
841 907 891 939 dc
906 908 1046 939 Azara
1061 911 1203 949 praeter
1224 906 1448 949 splendidam
1463 907 1654 939 editionem

179 967 349 1006 Parmae,
375 966 472 1008 typis
488 965 709 997 Bodonianjs
726 964 826 997 1791.
850 965 943 1005 Fol.‚
968 966 1141 997 minorem
1166 976 1199 997 a.
1216 965 1305 998 1793
1329 966 1365 997 in
1383 967 1416 997 4.
1443 976 1516 998 non
1538 966 1654 997 minus

181 1024 371 1057 candidam
404 1028 439 1056 et
465 1023 684 1055 luculentam
716 1024 874 1064 curavit,
918 1034 1024 1066 quam
1048 1034 1113 1055 nos
1140 1023 1367 1055 contulimus.
1418 1024 1555 1056 Tcxtus
1584 1035 1654 1055 me-

178 1083 286 1115 liores
312 1082 448 1114 saeculi
472 1081 568 1113 illius
598 1082 713 1113 editos
737 1082 919 1124 sequitur,
951 1082 987 1113 in
1014 1082 1101 1114 Odis
1127 1082 1221 1113 Ianii
1244 1081 1298 1113 ed.
1322 1082 1487 1114 maxime.
1536 1083 1653 1115 Notae

181 1141 324 1173 omnino
349 1140 497 1180 desunt,
523 1143 563 1171 ut
585 1139 704 1182 siquid
728 1140 911 1182 proprium
935 1151 977 1172 ex
1000 1151 1086 1172 mss.
1114 1140 1298 1180 attulerit,
1324 1151 1396 1172 non
1421 1145 1605 1182 appareat.

273 1197 330 1240 72)
348 1198 440 1230 Bad.
477 1197 600 1230 Editio
617 1197 704 1229 Iac.
724 1197 930 1238 Badenii‚
958 1198 1123 1230 Havniae
1149 1201 1183 1230 et
1207 1199 1308 1240 Lips.
1328 1198 1429 1231 1795.
1456 1197 1489 1230 8.
1531 1199 1652 1230 Merus

180 1259 309 1298 poetae
331 1259 471 1295 textus,
506 1266 548 1287 ex
571 1255 625 1288 ed.
653 1256 1064 1287 Baxtero-Gesneriana
1090 1266 1298 1297 expressus,
1332 1256 1505 1288 subiectis
1530 1256 1653 1289 lectio-

178 1314 284 1346 nibus
310 1314 473 1346 codicum
498 1323 607 1355 supra
630 1317 919 1346 memoratorum.

274 1371 332 1414 73)
359 1372 468 1406 Wetz.
511 1372 581 1411 ‚,Q.
597 1372 686 1403 Hor.
705 1371 761 1402 Fl.
788 1381 897 1413 opera
922 1371 968 1402 ad
993 1371 1173 1412 exemplar
1189 1371 1344 1403 Bentleii
1368 1372 1572 1404 recudenda
1595 1383 1652 1405 cu-

178 1429 289 1469 ravit,
317 1429 539 1471 argumentis
562 1429 787 1470 praemissis,
813 1429 908 1460 notis
934 1429 1088 1469 criticis,
1114 1429 1190 1460 vita
1215 1430 1372 1461 auctoris
1399 1434 1568 1462 enarrata
1593 1431 1652 1462 ad-

178 1487 298 1527 iectis⁷
323 1486 572 1528 iudicibusque
587 1489 622 1518 et
636 1486 826 1518 verborum
842 1490 876 1518 et
893 1497 1010 1518 rerum
1030 1486 1225 1518 illustravit
1242 1487 1272 1518 I.
1293 1487 1363 1519 Ch.
1383 1488 1425 1520 F.
1444 1488 1651 1520 Wetzel.“

178 1545 328 1587 Lignitii
345 1543 445 1577 1799.
471 1547 491 1576 2
506 1532 600 1576 Voll.
624 1545 658 1577 8.
706 1545 930 1577 Utilissimus
954 1545 1063 1585 liber,
1089 1545 1197 1577 solita
1223 1545 1412 1588 diligentia
1436 1547 1481 1578 ab
1508 1551 1654 1579 auctore

177 1606 345 1635 accurate
377 1602 574 1634 confectus.
631 1603 882 1635 Bentleianum
916 1603 1059 1645 quidem
1090 1607 1229 1635 textum
1263 1604 1440 1645 sequitur,
1473 1605 1536 1636 sed
1569 1606 1652 1637 crisi

176 1661 298 1692 sobria
329 1663 438 1702 atque
466 1660 631 1692 modesta
653 1660 786 1703 ubique
815 1661 977 1693 adhibita
1007 1661 1199 1694 lectionem
1230 1661 1415 1704 vulgatam
1446 1663 1652 1705 frequenter

176 1719 268 1751 bene
291 1719 406 1751 tuitus
433 1722 499 1750 est.

618 1797 656 1849 e)
687 1799 769 1836 EX
799 1798 1060 1839 SAECULO
1088 1800 1210 1838 XIX.

269 1889 326 1932 74)
354 1889 481 1921 Praed.
534 1889 602 1930 ‚‚Q.
626 1889 715 1920 Hor.
738 1887 795 1919 Fl.
822 1898 932 1930 opera
956 1889 1136 1927 restituit,
1163 1888 1333 1920 adiuncta
1356 1893 1477 1923 textus
1501 1890 1539 1922 in
1562 1890 1648 1923 Car-

152 1947 329 1987 ·minibus
361 1947 504 1990 quidem
527 1947 866 1986 Mitscherlichiani‚
896 1947 933 1978 in
959 1946 1189 1979 Sermonibus
1220 1958 1305 1980 vero
1339 1952 1447 1990 atque
1471 1948 1646 1990 Epistolis

175 1993 378 2037 Bentleiani
411 2005 639 2045 diversitate,
678 2004 774 2046 typis
811 2004 1047 2036 exscribenda
1078 2005 1218 2036 curavit
1247 2005 1305 2037 Io.
1339 2005 1433 2038 Chr.
1467 2006 1646 2042 Godofr.

175 2063 473 2095 Praedicow.“
498 2063 731 2105 Vitebergae,
762 2061 861 2095 1806.
886 2062 921 2095 8.
971 2063 1107 2095 Auctor
1131 2063 1305 2106 singulari
1315 2064 1461 2096 Horatii
1482 2068 1650 2106 poemata

175 2121 378 2163 corrigendi
409 2124 519 2162 atque
551 2119 763 2152 emendandi
797 2119 917 2152 studio
955 2120 1143 2162 abreptus,
1185 2121 1379 2153 innumeris
1420 2123 1647 2163 coniecturis,

174 2189 264 2221 quas
292 2189 413 2211 omnes
444 2179 492 2210 in·
507 2182 645 2211 textum
670 2179 823 2220 recepit,
861 2179 964 2220 quasi
992 2179 1098 2221 palea
1122 2179 1277 2221 quadam
1309 2180 1520 2222 scriptorem
1545 2191 1648 2213 suum

175 2237 311 2278 obruit,
350 2238 388 2269 in
408 2247 491 2280 'qua
523 2237 675 2270 subinde
708 2240 829 2269 tamen
866 2237 971 2269 utilia
1002 2237 1179 2280 quaedam
1214 2241 1387 2280 tanquam
1418 2238 1503 2270 boni
1534 2239 1647 2271 tritici

138 2334 141 2337 Ι
173 2306 288 2339 grana
320 2295 471 2343 sparsit,
502 2299 542 2327 ut
570 2299 720 2328 conatus
746 2296 958 2338 improsperi
992 2299 1026 2328 et
1051 2306 1073 2328 a
1095 2296 1204 2339 vulgo
1229 2296 1448 2329 eruditorum
1473 2296 1565 2329 male
1591 2308 1648 2329 ae-

175 2354 271 2400 cepti
295 2353 432 2385 fruetus
458 2364 530 2385 non
555 2358 676 2385 tamen
700 2354 806 2395 plane
832 2354 1032 2396 perdidisse
1058 2355 1316 2387 existimandus
1340 2355 1399 2387 sit.

267 2411 324 2453 75)
350 2412 430 2443 Fea.
468 2412 510 2451 Q.
525 2412 614 2444 Hor.
632 2412 688 2444 Fl.
706 2422 816 2453 opera
831 2412 875 2443 ad
890 2423 974 2445 mSS.
993 2413 1191 2445 Vaticanos
1210 2416 1296 2445 cett.
1315 2412 1519 2445 emendavit
1534 2412 1646 2443 notis-

174 2479 242 2510 que
267 2468 463 2500 illustravit
488 2469 582 2501 Car.
608 2469 715 2508 Fea‚
740 2471 874 2502 Romae
896 2470 992 2503 1811.
1019 2470 1147 2502 2Voll.
1172 2470 1205 2503 8.
1255 2471 1310 2503 De
1336 2471 1416 2502 Car.
1441 2471 1537 2509 Feae
1562 2470 1644 2502 sub-

173 2526 274 2558 sidiis
306 2527 343 2558 in
366 2527 490 2558 Indice
525 2526 628 2559 codd.
656 2537 744 2558 mss.
778 2528 926 2569 egimus.
976 2529 1204 2561 Praeclaram
1232 2529 1291 2561 ille
1314 2529 1466 2560 Horatio
1500 2538 1643 2570 operam

172 2585 373 2626 praestitit,
401 2595 480 2617 cum
506 2585 581 2617 eius
605 2581 758 2616 lectione
782 2585 976 2618 innumeris
1002 2586 1090 2618 locis
1114 2587 1285 2618 librorum
1309 2597 1394 2618 mss.
1421 2596 1488 2628 ope
1513 2586 1642 2628 quibus

172 2642 333 2684 plurimis
358 2653 443 2674 usus
469 2647 541 2682 est,
569 2642 777 2682 emendata,
804 2645 879 2674 tum
904 2644 1008 2675 rebus
1035 2644 1184 2685 singulis
1210 2643 1414 2686 permultis,
1450 2644 1641 2685 praecipue

174 2710 217 2732 ex
241 2701 456 2742 antiquitate
479 2701 656 2739 Romana⁷
690 2700 727 2731 in
753 2701 1045 2732 annotationibus
1072 2702 1186 2734 textui
1212 2701 1384 2733 subiectis
1415 2701 1548 2743 insigni
1575 2712 1641 2733 sua

172 2758 336 2790 doctrina
357 2758 560 2791 illustratis.
610 2760 714 2791 Hanc
739 2758 824 2790 edit.
846 2759 916 2791 Fr.
943 2759 1073 2791 Henr.
1101 2759 1245 2791 Bothe
1275 2759 1390 2791 denuo
1423 2759 1549 2792 excudi
1580 2770 1639 2792 cu-

172 2817 286 2857 ravit,
311 2817 374 2849 sed
398 2817 514 2849 minus
540 2816 743 2856 emendate,
769 2816 934 2849 Heidelb.
963 2817 1063 2849 1821.
1089 2819 1109 2848 ζ).
1134 2817 1228 2863 Voll.
1254 2817 1288 2849 8.

264 2875 321 2917 76)
348 2876 449 2908 Doer.
487 2877 529 2916 Q.
547 2876 636 2907 Hor.
654 2875 710 2907 Fl.
730 2885 838 2916 opera
855 2875 991 2915 omnia,
1016 2885 1154 2906 recens.
1175 2878 1211 2906 et
1226 2874 1422 2906 illustravit
1436 2874 1504 2905 Fr.
1525 2873 1636 2906 Guil.

171 2932 384 2976 Doering.
430 2933 510 2965 Vol.
538 2933 568 2965 Ι.
593 2933 643 2964 ΙΙ.
686 2932 754 2964 Ed.
791 2937 920 2974 quarta
944 2933 1089 2974 Lipsiae
1116 2931 1216 2965 1829.
1263 2931 1358 2973 (Vol.
1383 2932 1412 2963 I.
1439 2931 1494 2963 ed.
1517 2930 1636 2972 1803.)

170 2989 359 3031 Docringii
396 2990 523 3030 editio,
564 2990 633 3022 etsi
667 2990 820 3032 propriis
853 2989 1023 3022 subsidiis
1056 3000 1200 3032 carens,
1239 2989 1285 3022 ad
1317 2990 1406 3022 Hor.
1446 2989 1637 3021 lectionem

239 3060 386 3084 RoRATu
415 3061 495 3085 SAT.
1337 3049 1361 3084 d
