2047 3433
370 287 481 317 xxlv
612 286 794 315 INDICES
825 284 1063 314 LIBRORUM
1094 283 1223 314 MSsT.
1256 284 1312 313 ET
1341 284 1598 314 EDITORUM.

371 392 634 434 l)esprezianac
663 389 709 431 (a.
741 390 838 421 [⁴595.
865 389 914 429 8.)
943 388 1153 430 adscripsit,
1181 389 1241 430 qui
1266 389 1355 421 liber
1380 390 1415 420 iu
1440 389 1604 422 biblioth.
1633 390 1840 422 academica

371 450 550 492 Lipsi‹=nsi
581 451 757 479 servatur.
807 447 978 477 Fortasse
1011 447 1105 478 idem
1137 447 1215 479 cod.
1242 448 1482 480 Mentelianus
1513 449 1677 483 biblioth.
1705 451 1839 491 Regiae

372 507 602 545 Parisiensis,
641 516 744 547 quem
779 505 1035 545 Vauderbourg
1073 505 1109 536 in
1148 505 1202 538 ed.
1239 507 1443 540 Carminum
1472 509 1542 541 litt.
1576 510 1618 541 Ε.
1660 509 1838 550 designat,

370 567 552 598 Potticrus
580 564 724 595 tertium
749 563 783 593 iu
811 563 886 594 suis
912 566 1088 594 numerat.

461 622 519 664 28)
547 621 643 655 Mon.
669 620 698 652 l.
750 620 836 652 Cod.
863 620 1028 653 biblioth.
1046 622 1182 663 Regiae
1207 622 1434 655 Monacensis
1454 624 1484 655 1.
1511 624 1603 665 sign.
1628 624 1707 657 375.
1735 635 1838 656 mem-

369 684 568 714 branaceus
608 679 644 709 in
675 679 752 718 lto,
793 688 887 709 saec.
919 679 1002 710 XII.
1042 680 1186 711 Horatii
1227 681 1346 713 omnia
1373 683 1587 722 continens,
1627 682 1771 715 scholiis
1805 686 1841 714 et

370 740 500 782 glossis
528 739 563 769 in
591 736 685 768 omni
709 735 843 777 pagina
867 736 970 767 bonis
997 740 1031 769 et
1055 738 1213 779 antiquis
1240 737 1443 779 largissime
1468 740 1679 780 instructus,
1705 751 1842 772 summa

371 810 450 831 cum
480 806 565 828 cura
594 804 765 836 perquam
800 793 984 835 eleganter
1010 798 1045 827 et
1070 796 1255 828 emendate
1284 797 1456 838 scriptus,
1488 808 1530 829 ex
1561 799 1694 841 optimo
1727 809 1842 831 exem-

370 856 459 899 plari
487 855 633 892 ductus,
661 863 774 894 eoque
798 852 985 894 permagni
1010 854 1266 886 aestimandus
1295 854 1402 896 (Nov.
1431 857 1578 896 Quaest.
1610 867 1643 898 p.
1671 856 1715 888 *1ss
1740 856 1809 898 sq.)

462 913 519 954 29)
550 911 643 943 Mon.
670 912 703 942 2.
755 911 843 943 Cod.
870 911 1033 943 biblioth.
1059 912 1196 953 Regiae
1220 913 1448 945 Monacensis
1474 916 1505 946 2.
1533 915 1624 955 sign.
1651 915 1692 947 G.
1711 915 1840 946 LXIX.

372 972 470 1014 (olim
484 968 693 1002 monasterii
712 968 764 1000 St.
782 970 952 1001 Emerani
966 969 1202 1011 Ratisbonae)
1226 971 1520 1003 membranaceus
1536 973 1572 1003 in
1588 973 1647 1003 <lto
1672 973 1840 1004 saec.XI.

370 1029 516 1063 Horatii
545 1027 664 1060 omnia
695 1028 873 1067 continet,
914 1027 1045 1059 lacuna
1075 1031 1195 1059 tamen
1227 1028 1271 1059 ab
1305 1028 1373 1062 Od.
1406 1029 1473 1069 1V,
1502 1031 1534 1069 7,
1562 1031 1616 1063 20.
1653 1031 1697 1061 ad
1726 1031 1841 1072 Epod.

372 1091 408 1130 l,
440 1091 496 1121 24.
532 1087 662 1130 glossis
696 1089 730 1117 et
761 1085 872 1118 schol.
906 1087 1043 1127 paucis.
1087 1088 1256 1128 antiquus
1288 1087 1421 1128 probae
1454 1090 1562 1119 notae
1601 1087 1732 1128 codex,
1773 1099 1843 1119 nou

373 1148 557 1189 eleganter
576 1144 730 1187 quidem,
757 1144 819 1176 sed
835 1143 941 1186 plane
960 1147 995 1175 et
1019 1143 1196 1185 explicate
1221 1154 1264 1175 ex
1288 1144 1381 1176 bono
1409 1144 1603 1186 exemplari
1630 1145 1844 1186 descriptus,

372 1216 482 1249 quare
512 1205 549 1236 in
579 1202 784 1235 melioribus
814 1203 904 1233 Hor.
935 1213 1019 1234 mss.
1052 1202 1250 1233 habendus.
1283 1222 1330 1227 —
1370 1203 1464 1237 Mon,
1493 1205 1531 1243 ⁴2,
1558 1203 1589 1235 b.
1627 1203 1846 1244 Fragmenta

373 1264 550 1307 quaedam
575 1261 786 1300 satirarum,
813 1261 843 1292 Ι.
869 1261 945 1293 Sat.
973 1261 1005 1299 4,
1034 1260 1196 1300 122—6,
1217 1261 1274 1291 40.
1303 1263 1338 1291 et
1363 1260 1410 1291 II.
1437 1261 1513 1292 Sat.
1539 1260 1572 1292 8.
1599 1260 1635 1291 in
1660 1261 1755 1292 foliis
1783 1261 1846 1292 ali-

373 1325 460 1365 quot
485 1320 569 1352 huic
591 1319 705 1351 codici
733 1322 817 1351 ante
842 1318 1026 1360 Epistolas
1052 1318 1216 1358 insertis,
1249 1317 1371 1349 eadem
1399 1318 1542 1359 quidem
1567 1328 1673 1350 manu
1698 1319 1844 1361 scripta,

373 1381 436 1413 sed
470 1390 513 1412 ex
544 1378 614 1410 alio
646 1387 760 1419 eoque
790 1377 884 1408 bono
916 1386 958 1408 ac
985 1378 1195 1417 pervetusto
1230 1375 1425 1416 exemplari
1455 1375 1640 1417 depromta
1671 1377 1844 1409 continet.

375 1438 483 1479 (Nov.
510 1438 660 1477 Quaest.
687 1445 722 1476 p.
745 1434 789 1466 48
814 1433 884 1476 sq.)

467 1494 524 1535 30)
551 1493 644 1525 Mon.
673 1493 706 1525 3.
757 1492 844 1524 Cod.
869 1491 1035 1524 biblioth.
1057 1491 1193 1533 Regiae
1208 1490 1438 1523 Monacensis
1457 1491 1489 1523 3.
1517 1491 1609 1533 sign.
1632 1492 1674 1523 F.
1690 1491 1719 1523 Ι.
1749 1490 1847 1533 (olim

375 1552 583 1587 monasterii
615 1552 667 1584 St.
701 1551 869 1583 Emera‘ni
897 1549 1134 1590 Ratisbonae)
1167 1549 1460 1580 membranaceus
1491 1549 1527 1580 in
1560 1552 1620 1581 4to
1652 1560 1746 1582 saec.
1781 1551 1844 1582 XI.

375 1615 528 1645 exeunte
547 1610 720 1651 scriptus,
746 1610 834 1640 Hor.
864 1607 999 1648 scripta
1023 1608 1201 1647 continet,
1226 1606 1288 1638 sed
1314 1607 1429 1648 prima
1454 1610 1489 1638 et
1514 1607 1640 1640 ultima
1663 1612 1765 1650 parte
1791 1608 1848 1640 de-

375 1672 533 1709 ficiente,
566 1671 605 1700 ut
631 1667 747 1698 Carm.
780 1665 814 1703 I,
842 1663 990 1703 l—-III,
1021 1663 1073 1694 15.
1108 1675 1142 1695 v.
1171 1663 1225 1695 12.
1260 1667 1295 1695 et
1326 1665 1571 1706 Epistolarum
1607 1665 1688 1696 libri
1716 1665 1845 1697 desint.

375 1729 526 1762 Glossae
557 1729 592 1758 et
623 1723 760 1757 scholia
789 1731 916 1764 pauca.
968 1721 1155 1762 Scriptura
1183 1721 1299 1752 laxior
1330 1722 1491 1764 satisque
1521 1727 1708 1763 accurata,
1742 1723 1850 1765 plana

376 1790 410 1818 et
437 1784 618 1827 explicita.
669 1781 794 1812 Lectio
811 1790 882 1810 non
903 1778 1046 1820 quidem
1071 1779 1159 1810 satis
1186 1790 1275 1820 pura
1300 1782 1335 1810 et
1360 1780 1561 1820 emendata,
1590 1781 1726 1821 passim
1741 1780 1849 1812 licen-

376 1845 464 1884 tior,
498 1842 561 1874 sed
591 1851 633 1872 ex
662 1839 756 1871 bono
789 1840 825 1869 et
857 1839 1002 1868 vetusto
1036 1836 1232 1878 exemplari
1264 1837 1390 1877 ducta,
1423 1841 1463 1869 ut
1494 1839 1530 1869 in
1555 1838 1762 1870 melioribus
1791 1838 1849 1870 hic

375 1902 465 1933 liber
486 1896 727 1931 numerandus
753 1896 812 1927 sit.
840 1894 947 1935 (Nov.
974 1895 1122 1935 Quaest.
1150 1905 1184 1936 p.
1207 1894 1251 1926 45)
1277 1894 1346 1936 sq.)

468 1957 526 1998 31)
561 1955 656 1988 Mon.
686 1956 719 1986 4.
770 1954 857 1986 Cod.
884 1952 1048 1984 biblioth.
1074 1953 1210 1994 Regiae
1234 1953 1462 1985 Monacensis
1488 1954 1520 1985 4.
1554 1953 1647 1995 sign.
1674 1954 1715 1985 B.
1745 1953 1848 1985 VIII.

378 2017 477 2057 (olim
510 2013 721 2046 monasterii
745 2013 798 2045 St.
826 2011 995 2044 Emerani
1020 2010 1255 2052 Ratisbonae)
1287 2011 1580 2042 membranaceus
1612 2011 1648 2042 in
1680 2012 1748 2043 Svo
1781 2023 1850 2043 me-

376 2075 488 2108 diocri
513 2083 608 2105 saec.
634 2071 718 2103 XII.
753 2071 796 2102 ab
823 2070 926 2101 initio
952 2068 1117 2107 mutilus,
1151 2068 1312 2100 continet
1338 2069 1453 2110 Epod.
1480 2069 1521 2101 1ss
1548 2068 1583 2109 (a
1601 2080 1634 2100 v.
1656 2069 1710 2111 16)
1738 2072 1773 2101 et
1796 2071 1848 2101 17.

378 2135 417 2166 C.
444 2143 539 2164 saec.
564 2131 607 2163 A.
640 2132 736 2171 poet.
764 2128 974 2160 Sermonum
1006 2129 1041 2157 et
1070 2126 1315 2167 Epistolarum
1346 2127 1475 2167 libros,
1511 2126 1623 2158 schol.
1652 2130 1687 2158 et
1719 2127 1849 2169 glossis

376 2191 510 2234 passim
541 2187 735 2230 adspersis.
786 2185 974 2227 Scriptura
1004 2183 1142 2214 minuta
1173 2183 1332 2225 quidem,
1370 2185 1433 2216 sed
1459 2184 1568 2226 plana
1600 2187 1634 2216 et
1667 2188 1849 2224 accurata,

375 2249 483 2281 lectio
508 2247 716 2290 plerumque
742 2254 831 2286 pura
854 2246 889 2275 et
915 2241 1116 2282 emendata,
1144 2242 1270 2274 ebono
1288 2247 1323 2275 et
1343 2246 1487 2275 vetusto
1513 2242 1707 2284 exemplari
1730 2242 1849 2282 ducta,

377 2310 417 2339 ut
441 2307 478 2338 in
503 2302 828 2348 praestantioribus
852 2301 911 2333 hic
935 2300 1026 2332 liber
1050 2300 1237 2332 habendus
1264 2302 1322 2333 sit.
1353 2300 1460 2342 (Nov.
1489 2302 1637 2341 Quaest.
1663 2311 1697 2341 p.
1722 2300 1793 2340 50.)

470 2363 527 2405 32)
562 2362 656 2394 Mon.
690 2362 723 2393 5.
775 2359 862 2392 Cod.
893 2357 1059 2390 biblioth.
1092 2359 1229 2400 Regiae
1254 2359 1483 2390 Monacensis
1502 2360 1534 2391 5.
1566 2359 1657 2400 sign.
1685 2358 1730 2389 D.
1757 2358 1790 2388 6.
1820 2368 1850 2388 e.

380 2419 776 2464 (IVeihestephanensis
809 2417 867 2459 63)
900 2417 1192 2448 membranaceus
1226 2417 1263 2447 in
1288 2418 1348 2448 4t0
1377 2427 1471 2448 saec.
1499 2417 1582 2448 XII.
1617 2415 1706 2446 duas
1731 2418 1851 2456 partes

380 2481 488 2512 habet
513 2480 606 2510 inter
629 2488 667 2509 se
695 2475 886 2508 admodum
913 2475 1086 2506 diversas,
1137 2475 1179 2505 In
1204 2475 1322 2516 priore
1347 2476 1413 2506 Ars
1446 2479 1541 2516 poet.
1565 2474 1682 2515 Epist.
1713 2476 1748 2504 et
1774 2473 1851 2505 Ser-

380 2548 524 2570 monum
553 2537 636 2569 libri
664 2535 795 2567 litteris
834 2533 1081 2575 pinguioribus
1114 2543 1155 2564 ac
1187 2532 1437 2571 grandioribus
1472 2532 1605 2573 ubique
1640 2531 1851 2572 aequalibus

380 2596 566 2638 splendide
599 2605 641 2626 ac
670 2593 869 2625 luculenter
900 2591 1036 2633 scripti.
1094 2591 1135 2622 In
1168 2590 1282 2621 altera
1314 2590 1517 2621 Carminum
1547 2589 1630 2620 libri
1660 2599 1772 2630 usque
1807 2589 1852 2620 ad

381 2655 445 2686 IV.
473 2654 540 2685 Od.
566 2654 598 2693 8,
626 2653 680 2684 17.
709 2654 830 2683 cetera
854 2650 995 2681 desunt.
1023 2659 1064 2680 ea
1091 2648 1231 2690 quidem
1255 2647 1328 2679 alia
1351 2657 1470 2686 manu,
1496 2646 1557 2677 sed
1582 2647 1764 2687 diligenti,
1792 2657 1853 2678 an-

383 2711 523 2754 gustius
555 2721 596 2742 ac
628 2711 801 2742 minutius
834 2710 994 2742 exarata.
1045 2706 1162 2738 Schol.
1197 2710 1232 2738 et
1257 2705 1399 2747 glossae
1433 2705 1468 2735 in
1494 2704 1614 2746 lyricis
1639 2704 1774 2743 nullae,
1816 2704 1852 2735 in

382 2768 511 2801 ceteris
542 2779 690 2809 paucae.
740 2768 865 2800 Lectio
898 2767 934 2798 in
965 2768 1118 2807 utraque
1144 2768 1246 2806 parte
1278 2765 1422 2805 propter
1451 2761 1580 2793 menda
1610 2761 1710 2792 haud<
1736 2771 1853 2803 pauca

383 2826 539 2858 scribam
563 2836 634 2856 non
658 2827 746 2857 satis
773 2826 951 2858 eruditum
973 2824 1108 2865 prodit,
1136 2823 1198 2855 sed
1225 2833 1243 2855 e
1266 2822 1359 2853 bono
1385 2824 1504 2851 tamen
1528 2819 1719 2861 exemplari
1744 2818 1853 2850 ducta

382 2883 537 2915 videtur.
566 2881 674 2923 (Nov.
702 2885 850 2923 Quaest.
879 2894 912 2924 p.
941 2882 1011 2923 51.)

474 2939 532 2983 33)
564 2939 654 2973 Mor.
705 2939 792 2973 Cod.
826 2943 950 2973 noster
981 2937 1235 2978 Morellianus,
1269 2937 1313 2970 ab
1339 2935 1537 2969 inventoris
1566 2937 1601 2968 et
1633 2934 1850 2977 possessoris
