2057 3412
343 262 419 300 100
887 264 995 294 non.
1028 262 1281 293 SERMONUM

342 372 452 412 Nam
482 382 595 422 vaga
623 381 701 423 per
728 371 919 406 veterem
949 364 1115 419 dilapso
1146 363 1318 404 flamma
1347 362 1535 403 culinam

344 440 383 480 V
387 438 558 488 olcano,
586 447 798 475 summum
822 431 1083 487 properabat
1113 430 1302 471 lambere
1332 436 1506 470 tectum.

270 511 314 546 75
341 505 560 545 Convivas
593 500 744 543 avidos
777 513 927 540 cenam
960 512 1195 554 servosque
1223 499 1413 538 timentis

344 572 454 612 Tum
484 583 635 625 rapere
646 600 657 621 7
689 573 817 622 atque
848 567 986 606 omnis
1016 566 1286 619 restinguere
1318 563 1431 605 velle
1459 563 1645 604 videres,

456 637 616 693 Incipit
647 650 702 676 ex
729 633 805 675 illo
835 633 991 674 montis
1022 631 1184 688 Apulia
1209 635 1333 670 notos
1549 637 1553 640 '

343 707 573 747 Ostentare
604 702 729 754 mihi,
756 715 862 757 quos
892 706 1029 741 torret
1058 697 1293 750 Atabulus,
1325 703 1366 737 et
1396 711 1502 752 quos

342 772 588 827 Numquam
613 783 887 825 erepsemus‚
917 769 1002 808 nisi
1026 782 1104 808 nos
1134 766 1280 807 vicina
1311 763 1475 803 Trivici

277 850 324 883 80
347 839 466 880 Villa
495 839 751 893 recepisset,
784 837 1010 877 lacrimoso
1041 848 1127 874 non
1157 833 1250 872 sine
1276 833 1416 883 fumo,

346 907 467 948 Udos
502 920 598 946 eum
626 904 743 945 foliis
772 917 914 944 ramos
946 908 1097 942 urente
1124 900 1306 940 camino.

346 974 431 1015 Hic
461 988 541 1028 ego
571 971 824 1013 mendaeem
851 969 1130 1010 stultissimus
1161 981 1298 1021 usque
1327 965 1517 1021 puellam

346 1041 417 1082 Ad
443 1040 630 1081 mediam
658 1044 828 1079 noctem
856 1042 1080 1092 exspecto:

1124 1048 1298 1075 somnus
1329 1040 1472 1073 tamen
1502 1031 1644 1071 aufert

348 1109 568 1149 Intentum
594 1107 766 1148 veneri:
807 1111 899 1146 tum
930 1103 1136 1144 inmundo
1169 1101 1336 1142 somnia
1365 1100 1462 1140 visu

275 1188 320 1221 85
348 1175 617 1216 Noeturnam
643 1180 809 1215 vestem
833 1172 1051 1213 maculant
1073 1175 1353 1223 ventremque
1385 1167 1599 1221 supinum.

462 1242 674 1294 Quattuor
705 1241 806 1281 hine
835 1241 1028 1296 rapimur
1047 1237 1204 1291 viginti
1235 1241 1276 1276 et
1303 1233 1424 1274 milia
1453 1233 1612 1286 rhedis,

349 1311 543 1352 Mansuri
572 1308 798 1365 oppidulo,
825 1306 941 1363 quod
965 1320 1097 1346 versu
1129 1304 1273 1345 dicere
1297 1318 1384 1344 non
1414 1308 1479 1343 est
1489 1334 1499 1355 7

351 1378 496 1432 Signis
525 1376 733 1432 perfacile
766 1381 844 1415 est.

902 1374 1023 1414 venit
1052 1371 1266 1413 vilissima
1296 1384 1441 1410 rerum

350 1445 436 1485 Hic
467 1458 601 1500 aqua3
634 1442 711 1483 sed
740 1442 865 1498 panis
897 1440 1025 1494 longe
1054 1437 1397 1494 pulcherrimus,
1428 1436 1543 1477 ultra

287 1519 333 1553 90
355 1511 550 1553 Callidus
583 1516 631 1551 ut
665 1509 802 1550 soleat
830 1508 1019 1548 humeris
1049 1511 1222 1561 portare
1253 1506 1414 1545 viator:

326 1578 462 1621 *Nam
496 1577 658 1619 Canusi
686 1575 930 1631 lapidosus3
957 1588 1094 1629 aquae
1121 1586 1208 1613 non
1239 1571 1369 1612 ditior
1397 1586 1507 1612 urna

351 1645 437 1697 Qui
471 1645 591 1686 loeus
622 1658 647 1684 a
676 1643 779 1684 forti
803 1642 1017 1683 Diomede
1049 1646 1114 1682 est
1137 1637 1334 1681 conditus
1361 1639 1475 1680 olim.

354 1772 384 1803 1.
413 1771 446 1803 3.
475 1772 562 1813 Gph.
596 1771 625 1802 l.
644 1772 676 1802 2.
705 1771 783 1801 Bas.
803 1768 835 1801 3.
864 1768 967 1800 Orell.
988 1766 1020 1798 S.
1039 1767 1071 1798 (1.

352 1818 438 1849 Edd.
467 1823 542 1849 ante
569 1817 675 1849 Bentl.
705 1816 807 1857 vulgo
840 1820 871 1846 et
895 1821 973 1857 post
999 1823 1075 1845 eum

351 1864 481 1905 plures.
509 1867 541 1896 iu
565 1866 679 1905 ignem.
708 1861 1072 1896 Mss,110striDorv.2.

352 1910 422 1944 Brl.
455 1911 481 1941 l.
508 1910 587 1942 Bas.
615 1910 643 1941 1.
673 1910 754 1940 Mse.
782 1918 840 1942 1111.
869 1918 924 1949 ap.
944 1907 1073 1939 Bersm.

400 1977 462 2019 73)
491 1979 634 2018 dilapsa
670 1978 751 2009 Mss.
786 1977 957 2018 plerique,
997 1975 1075 2006 edd.

354 2031 432 2067 post
459 2025 535 2056 Ald.
562 2025 616 2055 111.
645 2030 675 2055 et
702 2025 843 2055 Ascens.
869 2022 984 2063 vulgo.
1020 2022 1076 2052 (le-

355 2073 462 2110 Iapso.
499 2070 578 2102 Mss.
604 2070 710 2101 nostri
736 2070 834 2102 Dess.
863 2067 895 2100 3.
930 2068 1012 2100 Drd.
1044 2067 1073 2099 1.

356 2117 444 2148 Mon.
469 2118 500 2153 2,
516 2116 548 2146 b.
573 2116 651 2148 Bas.
669 2115 700 2146 3.
727 2115 801 2146 (¹111
818 2117 850 2148 2.
869 2113 972 2147 Orell
991 2114 1023 2146 d
1041 2124 1074 2154 p.

354 2173 388 2192 v.
417 2163 491 2195 lect
518 2172 572 2203 ap,
596 2162 708 2194 Feam
738 2162 882 2200 dilapsa.
910 2160 992 2190 Mss
1020 2168 1078 2189 no-

355 2209 455 2239 stri('
460 2208 557 2250 ph.l
567 2236 572 2241 .
631 2214 676 2249 ig
694 2209 725 2238 2.
752 2207 884 2246 dilapsa
902 2210 963 2236 esc.
991 2204 1076 2235 Edd.

354 2254 443 2288 Flor
463 2254 541 2285 48).
572 2255 685 2286 Kenet
705 2252 784 2285 -183
802 2252 857 2283 81).
882 2250 925 2282 9⁵)
951 2251 1078 2291 (Pinc)

354 2300 410 2331 94.
444 2300 499 2332 95.
532 2299 588 2332 98.
623 2299 760 2332 Mediol
796 2297 873 2330 508.
911 2297 988 2329 51⁴2
1024 2296 1081 2327 de-

354 2348 452 2385 lapsa
478 2352 537 2377 est.
567 2346 627 2376 Ed.
657 2344 761 2376 Loch
797 2362 842 2365 —
869 2344 1000 2384 flamma
1024 2352 1080 2372 ea-

353 2394 467 2423 mimcm
492 2392 580 2423 coni.
606 2391 726 2424 Markl.

402 2448 463 2489 74)
505 2448 649 2480 lambere
681 2448 824 2478 culmum.
868 2445 949 2478 Msc.
992 2449 1077 2475 nost.

356 2495 457 2526 Dorv.
485 2496 517 2527 2.

404 2549 463 2590 76)
483 2550 560 2581 Tum
573 2561 707 2590 rapere.
725 2549 804 2580 Mss.
822 2555 852 2580 et
867 2549 945 2582 edd.
960 2548 1076 2590 vulgo.

358 2596 451 2628 Tunc
484 2607 618 2637 rapere.
664 2596 744 2627 Mss.
779 2596 883 2626 nostri
915 2595 1010 2636 Lips.
1045 2593 1077 2627 3.

357 2643 455 2674 DesS.
492 2643 524 2674 1.
559 2643 591 2675 3.
638 2643 703 2673 (1110
743 2651 822 2672 mss.
856 2651 911 2681 ap.
946 2641 1077 2671 Bersm.

358 2689 470 2722 Uberi.
509 2700 537 2721 e.
588 2698 657 2718 eum
693 2697 827 2727 rapere.
866 2686 947 2719 Msc.
990 2691 1077 2719 nost.

359 2734 441 2764 Drd.
465 2736 496 2765 ⁸2.
528 2752 569 2756 ——-
604 2739 703 2774 atque
731 2733 827 2764 undis
852 2733 938 2764 coni.
959 2731 1076 2765 Markl,

360 2780 419 2810 sed
445 2785 521 2820 post
545 2780 737 2812 11010011.-
759 2780 974 2819 restrinyere.
997 2778 1075 2810 Mss.

359 2826 465 2855 nostri
488 2825 578 2867 Lips.
610 2826 625 2856 1
653 2825 729 2863 (sed
753 2835 771 2855 r
792 2823 895 2864 eras.)
921 2824 1018 2857 Dess.
1044 2824 1075 2856 2.

1114 1765 1193 1797 Drd.
1221 1764 1254 1802 3,
1277 1774 1307 1794 a.
1343 1763 1431 1797 Mon.
1460 1766 1492 1802 2,
1510 1764 1542 1798 b.
1571 1763 1658 1806 Gph.
1687 1766 1720 1796 2.
1748 1765 1836 1799 Edd.

1116 1812 1231 1844 Colon.
1260 1820 1287 1843 5.
1313 1820 1343 1843 a.
1370 1811 1511 1842 Ascens.
1537 1811 1568 1842 1.

1163 1859 1222 1897 77)
1249 1856 1384 1896 Apulia.
1404 1857 1484 1890 Mss.
1503 1858 1607 1889 nostri
1622 1856 1692 1888 fere
1708 1867 1835 1888 omnes.

1117 1905 1211 1946 Lips.
1242 1903 1271 1934 l.
1296 1905 1328 1934 ⁴2.
1351 1903 1382 1934 3.
1410 1903 1476 1933 Brl.
1499 1903 1528 1937 1.
1556 1903 1654 1934 Dess.
1684 1902 1712 1934 l.
1741 1905 1773 1937 2.
1805 1903 1836 1934 3.

1579 1951 1612 1989 2,
1628 1950 1661 1980 b.
1689 1949 1720 1981 3.
1746 1950 1780 1982 4.
1804 1950 1835 1983 5.

1116 1951 1198 1982 Drd.
1217 1950 1246 1981 1.
1263 1950 1294 1981 2.
1311 1949 1344 1982 3.
1363 1949 1451 1983 Mon,
1472 1949 1501 1980 1.
1518 1950 1551 1982 2.

1118 1997 1204 2039 Gph.
1234 1997 1266 2029 2.
1302 1995 1378 2028 Bas.
1413 1996 1439 2028 l.
1469 1995 1544 2037 Gtg.
1574 1996 1604 2029 1.
1635 1998 1667 2027 2.
1699 1995 1775 2026 Gth.
1803 1997 1823 2027 2

1116 2042 1245 2075 Scholl.
1275 2042 1351 2072 Aer.
1376 2041 1500 2083 Porph.
1521 2041 1620 2082 Crnq.
1648 2041 1734 2073 Edd.
1757 2048 1837 2075 vett.

1117 2099 1206 2121 saec.
1226 2087 1300 2118 XV.
1323 2093 1354 2118 et
1375 2088 1530 2125 Aldinae,
1557 2088 1646 2119 Glar.
1664 2088 1703 2121 R.
1721 2087 1839 2129 Steph.

1575 2134 1693 2165 Muret.
1742 2134 1837 2164 Torr.

1118 2180 1238 2221 Despr.
1274 2178 1361 2210 Sivr.
1396 2180 1473 2213 Val.
1509 2179 1610 2211 Orell.
1645 2180 1721 2212 th.
1762 2179 1837 2210 le.

1119 2226 1162 2256 al.
1188 2225 1350 2266 Appulia.
1377 2226 1462 2256 Edd.
1478 2226 1637 2259 Aseenss.
1664 2226 1702 2256 H.
1722 2225 1838 2268 Steph.

1121 2272 1226 2305 Chal),
1242 2271 1371 2302 Bersm.
1391 2272 1431 2305 D,
1446 2272 1558 2302 Heius.
1585 2272 1700 2304 Burm.
1719 2272 1839 2302 Dacer.

1121 2318 1226 2349 Bentl.
1253 2318 1349 2350 Bam,
1380 2318 1465 2351 Phil.
1483 2317 1619 2349 Wakef.
1649 2318 1838 2351 Fea.-Pott.

1120 2363 1241 2404 Dnviq,
1257 2363 1352 2396 Both.
1372 2363 1490 2396 Heind.
1516 2363 1595 2395 Zell.
1615 2364 1707 2398 lalm.
1725 2364 1838 2397 Sehm,

1119 2409 1234 2440 de.
1252 2414 1302 2447 (v.
1315 2408 1475 2443 Schneid.
1489 2410 1702 2444 Elementarl,
1714 2421 1748 2452 p.
1761 2409 1838 2442 399.

1118 2457 1198 2489 4⁴25.
1227 2455 1294 2486 Nos
1317 2463 1498 2488 msstoruin
1525 2462 1556 2487 et
1570 2456 1697 2490 Seholl.
1727 2462 1841 2488 aueto-

1117 2134 1233 2165 Lamb.
1283 2133 1381 2172 Cruq.
1432 2134 1528 2167 Fabr,

1119 2503 1251 2533 ritatem
1277 2500 1479 2542 sequimur).

1165 2548 1223 2587 78)
1253 2553 1371 2579 terret.
1401 2549 1482 2580 nse.
1515 2553 1599 2579 nost.
1627 2547 1694 2578 Brl.
1727 2547 1754 2577 1.
1783 2557 1838 2577 un.

1119 2603 1174 2635 ap.
1193 2594 1287 2625 Torr.

1165 2639 1223 2680 79)
1251 2641 1285 2671 ηί
1307 2649 1377 2670 nos.
1412 2639 1485 2669 Duo
1511 2648 1591 2669 mss.
1624 2650 1680 2681 ap.
1708 2640 1837 2674 Bersm,

1119 2685 1179 2716 Ed.
1224 2684 1305 2718 01111,
1353 2702 1399 2706 —
1446 2683 1585 2715 Triveez'.
1627 2686 1708 2717 Msc.
1753 2693 1839 2719 nost.

1121 2732 1215 2764 Dess,
1246 2732 1277 2761 ’2.
1311 2729 1452 2762 Trevici.
1482 2730 1543 2760 Ed.
1572 2731 1691 2763 Zurck.

1164 2776 1225 2808 83)
1252 2781 1413 2816 eaespecto
1439 2781 1575 2807 noctem.
1603 2778 1664 2810 Ed.
1687 2778 1768 2812 01111,
1789 2788 1840 2818 sq.

1118 2821 1257 2863 Dorigh.
