2047 3433
432 313 495 342 LII
669 315 853 345 INDICES
886 315 1125 345 LIBRORUM
1158 316 1288 347 MSST.
1321 319 1378 348 ET
1410 320 1666 352 EDITORUM.

431 427 532 449 usum
560 418 761 450 scholarum
795 419 963 451 instruxit
992 420 1104 452 Guil.
1130 421 1474 465 Dillenburger,
1508 426 1570 457 Dr.
1597 427 1656 467 ph.
1682 437 1802 469 gymn.
1828 439 1904 471 reg.

432 477 588 507 Embric.
619 477 825 509 ])ircctor.“
875 478 996 510 Editio
1023 478 1148 511 altera.
1182 480 1330 512 Bonnae
1358 482 1457 514 1848.
1490 485 1523 515 8.
1560 484 1689 525 (prima
1713 487 1846 527 prodiit
1872 498 1904 519 a.

435 534 549 575 1⁸43.)
602 534 700 575 Opus
729 545 866 567 summa
892 546 971 567 eum
997 536 1187 579 diligentia
1219 538 1254 569 in
1280 542 1381 572 textu
1406 551 1448 572 ex
1480 542 1622 583 optimis
1650 543 1749 575 libris
1775 545 1907 577 consti—

428 592 561 623 tuendo
589 596 623 623 et
648 592 779 633 insigni
807 593 971 626 doctrina
995 595 1030 626 in
1055 598 1310 629 commentario
1337 598 1626 632 adolescentibus
1657 603 1803 643 perutili
1828 614 1905 645 per-

427 649 578 681 ficiendo
604 651 841 692 praestabile,
870 652 964 694 quod
988 658 1157 686 accurate
1183 656 1411 688 contulimus.
1523 695 1525 699 ,

518 708 577 750 89)
596 709 671 741 th.
711 710 754 750 Q.
770 710 912 742 Horatii
928 711 985 744 Fl.
1011 723 1132 754 opera.
1159 713 1195 744 in
1221 724 1324 746 usum
1340 715 1542 747 scholarum
1569 716 1692 757 edidit,
1723 717 1901 750 varietate

425 766 625 807 scripturae
641 771 675 799 et
692 770 958 801 commentariis
985 770 1154 802 instruxit
1170 771 1205 803 H
1217 773 1394 805 enricus
1411 774 1474 806 Du
1486 778 1648 808 entzer.
1676 776 1902 818 Brunsvigae

427 822 528 856 18⁴9.
555 824 588 856 8.
637 826 773 858 Auctor
799 827 869 858 iam
892 827 1029 869 pridem
1059 828 1159 860 libris
1190 830 1347 873 quinque
1373 832 1478 864 editis
1513 833 1557 864 ad
1582 834 1671 865 Hor.
1697 838 1901 875 poematum

424 883 532 914 crisin
569 887 604 915 et
643 884 918 926 explicationem
956 887 1217 928 pertinentibus
1252 889 1343 921 bene
1375 891 1524 922 meritus
1562 891 1630 922 hac
1667 892 1703 922 in
1744 891 1901 924 editione

423 941 705 975 adolescentium
728 944 851 975 usibus
875 944 995 976 dicata
1015 945 1181 976 subtilem
1202 956 1302 977 suam
1325 947 1524 979 doctrinam
1546 948 1740 991 iudiciique
1760 950 1901 992 elegan-

421 1001 509 1032 tiam
531 1012 611 1033 cum
637 1002 673 1033 in
697 1005 798 1033 textu
825 1013 867 1034 ex
892 1004 1036 1044 optimis
1063 1004 1167 1035 editis
1189 1005 1454 1046 constituendo,
1480 1010 1554 1038 tum
1581 1008 1616 1038 in
1644 1010 1898 1040 commentario

421 1059 606 1091 commodo
622 1064 732 1102 atque
749 1060 894 1102 perutili
907 1060 1127 1093 conficiendo
1143 1063 1321 1104 probavit.
1349 1064 1422 1095 Nos
1437 1064 1560 1096 sedulo
1575 1075 1652 1096 eam
1670 1066 1899 1098 contulimus,

515 1118 573 1161 90)
598 1118 705 1150 Schm.
738 1120 808 1160 „Q.
827 1120 915 1151 Hor.
931 1119 988 1152 Fl.
1013 1130 1121 1161 opera
1149 1121 1268 1152 omnia
1293 1132 1335 1152 ex
1359 1132 1495 1154 recens.
1515 1123 1568 1155 Io.
1585 1123 1667 1156 Chr.
1682 1123 1786 1156 Iahn.
1827 1123 1896 1156 Ed.

423 1176 549 1218 quinta
575 1186 649 1208 cur.
677 1176 840 1209 Theod.
860 1177 1077 1210 Schmid.“
1104 1179 1203 1221 Lips.
1225 1178 1325 1211 1851.
1352 1180 1386 1212 8.
1434 1180 1551 1212 Iahnii
1577 1181 1709 1213 dudum
1738 1182 1899 1214 defuncti

422 1235 615 1266 editionem
640 1238 778 1275 auctor,
806 1235 949 1267 omissis
975 1236 1050 1267 eius
1075 1237 1388 1278 annotationibus,
1412 1249 1476 1280 pro
1502 1239 1633 1270 eximia
1645 1240 1809 1272 doctrina
1833 1251 1899 1272 sua

421 1293 774 1334 Horatianorumque
818 1293 1032 1335 scriptorum
1070 1295 1222 1335 peritia,
1266 1305 1372 1337 quam
1414 1296 1551 1338 pridem
1589 1299 1900 1339 praestantissima

420 1350 666 1392 Epistolarum
693 1352 849 1383 editione
873 1342 1058 1393 praeclare
1080 1353 1264 1394 probavit,
1290 1357 1364 1384 tam
1390 1356 1551 1396 egregie,
1578 1359 1679 1387 textu
1704 1356 1898 1388 secundum

420 1409 573 1450 optimos
599 1409 709 1441 libros
736 1410 922 1451 recognito
950 1413 984 1441 et
1009 1420 1133 1442 recens
1160 1412 1358 1443 constituto
1385 1412 1501 1444 denuo
1527 1414 1684 1455 curavit,
1719 1418 1758 1446 ut
1783 1425 1897 1446 emen-

420 1467 645 1499 datissimum
668 1469 891 1499 Horatianae
916 1468 1081 1500 lectionis
1107 1469 1288 1510 exemplar
1314 1469 1525 1503 exhibuerit.

511 1526 569 1568 91)
596 1527 706 1560 W'dm.
738 1527 780 1567 Q.
797 1527 970 1558 Horatius
988 1527 1156 1558 Flaccus,
1174 1527 1321 1568 Lipsiae
1336 1528 1430 1569 apud
1440 1528 1708 1560 Weidmannos.
1722 1530 1822 1562 1851.
1839 1530 1893 1561 12).

418 1585 526 1617 Liber
556 1584 775 1616 nitidissime
808 1587 842 1616 et
874 1584 1165 1616 emendatissime
1204 1595 1413 1626 expressus,
1451 1586 1566 1617 solum
1598 1591 1728 1627 poetae
1758 1589 1895 1616 textum

419 1644 588 1675 exhibens
618 1643 813 1675 secundum
844 1643 999 1675 Bentleii
1033 1642 1214 1684 exemplar
1244 1644 1488 1684 potissimum,
1531 1643 1593 1674 sed
1626 1653 1705 1674 cum
1741 1643 1894 1682 delectu,

419 1702 674 1741 constitutum,
716 1701 816 1733 cuius
849 1704 1031 1733 auctorem
1062 1700 1324 1732 Mauritium
1357 1701 1508 1742 Haupt
1540 1711 1619 1732 esse
1650 1700 1791 1739 dicunt3
1831 1699 1895 1731 sed

419 1760 513 1802 quod
536 1760 613 1801 ipse
640 1769 769 1791 nomen
795 1769 898 1791 suum
923 1759 1073 1799 celavit,
1100 1769 1165 1791 nos
1192 1758 1358 1791 officinae
1383 1760 1524 1791 nomine
1550 1759 1678 1791 librum
1704 1759 1894 1801 designan-

417 1817 500 1848 dum
524 1817 744 1859 putavimus.

509 1875 566 1917 92)
594 1875 682 1917 A'ry.
734 1875 838 1915 „Des
856 1874 899 1914 Q.
915 1874 1090 1906 Horatius
1116 1874 1269 1906 Flaccus
1297 1875 1439 1907 Satiren
1464 1874 1536 1906 und
1551 1874 1716 1916 Episteln
1741 1874 1800 1906 fiir
1826 1874 1893 1906 den

416 1933 708 1976 Schulgebrauch
734 1932 867 1965 erklart
891 1943 961 1964 von
989 1933 1030 1965 G.
1052 1933 1094 1964 Τ.
1119 1933 1162 1965 A.
1191 1934 1401 1975 Kriige1·.“
1428 1933 1579 1975 Leipzig
1597 1932 1697 1965 1853.
1724 1932 1754 1964 8.
1804 1933 1893 1964 Eru-

416 1980 615 2024 ditiss'imus
651 1996 776 2024 auctor
804 1992 840 2022 in
867 1994 969 2023 textu
995 1992 1249 2023 constituendo
1276 1992 1450 2024 Orellium
1481 1992 1555 2023 fere
1590 1995 1624 2022 et
1650 1994 1734 2023 ante
1759 1990 1893 2022 dictum

415 2051 753 2082 W'eidmannianum
794 2049 974 2091 exemplar
1006 2054 1151 2082 secutus
1191 2054 1258 2083 est.
1316 2051 1359 2082 In
1396 2050 1651 2082 commentario
1682 2050 1893 2082 Germanice

416 2109 549 2150 scripto
576 2108 859 2140 adolescentium
884 2108 1029 2148 usibus,
1066 2109 1286 2150 argumentis
1311 2109 1503 2150 praecipue
1529 2119 1607 2140 cum
1632 2107 1892 2139 sententiarum

414 2177 509 2198 nexu
535 2167 738 2198 accuratius
765 2167 957 2207 expositis,
985 2166 1169 2208 praeclare
1192 2166 1383 2198 consuluit.
1709 2154 1714 2161 ⁸

507 2224 565 2267 93)
599 2225 695 2256 Web.
747 2225 850 2264 „Des
864 2225 907 2264 Q.
926 2225 1099 2256 Horatius
1113 2224 1265 2256 Flaccus
1283 2224 1426 2256 Satiren
1452 2224 1635 2255 iibersetzt
1660 2222 1733 2255 und
1756 2222 1891 2254 erklart

415 2284 526 2315 durch
557 2283 684 2315 Wil‘h.
714 2283 847 2314 Ernst
881 2283 1063 2315 lVeber.⁸
1110 2283 1212 2315 Nach
1246 2283 1306 2314 des
1342 2284 1401 2315 Vf.
1436 2283 1535 2314 Tode
1569 2282 1781 2328 herausgeg.
1819 2291 1890 2312 von
1937 2318 1940 2322 ι

414 2341 542 2374 Wilh.
577 2341 705 2383 Sigm.
741 2340 962 2387 Teuffel.“
1006 2341 1196 2383 Stuttgard
1230 2341 1329 2373 1852.
1365 2341 1397 2373 8.
1455 2341 1730 2373 Eruditissimus
1766 2342 1890 2371 auctor

414 2398 477 2442 pro
510 2400 644 2442 insigni
676 2409 803 2441 opera,
837 2409 944 2440 quam
972 2399 1105 2431 dudum
1130 2404 1164 2431 et
1190 2400 1318 2431 ceteris
1344 2397 1585 2431 Romanorum
1610 2399 1725 2440 poetis
1758 2401 1793 2430 et
1817 2399 1890 2429 Ho-

413 2459 505 2490 ratio
539 2458 700 2500 inprimis
724 2457 925 2499 praestitit,
961 2457 1090 2489 librum
1116 2458 1263 2499 cognitu
1288 2458 1539 2500 dignissimum
1563 2455 1890 2499 quasihereditate

413 2517 517 2548 nobis
543 2516 706 2558 reliquit,
734 2526 837 2557 quem
862 2515 961 2557 prelo
987 2516 1173 2558 vulgatum
1195 2516 1414 2548 Teuffelii
1439 2517 1481 2547 V.
1506 2516 1558 2548 Cl.
1584 2514 1757 2547 beneficio
1784 2513 1888 2544 debe-

414 2585 510 2615 mus,
538 2575 598 2617 qui
624 2574 936 2606 observationibus
963 2575 1098 2616 passim
1124 2575 1268 2606 insertis
1294 2585 1373 2606 eum
1398 2574 1539 2606 ditavit.
1591 2574 1723 2604 Versus
1744 2572 1888 2604 Germa—

414 2634 485 2664 nici
511 2633 693 2675 ingenium
719 2633 879 2665 auctoris
907 2637 941 2665 et
968 2633 1245 2675 intelligentiam
1270 2633 1444 2675 produnt,
1479 2633 1515 2663 in
1542 2641 1702 2662 sermone
1727 2631 1885 2672 ipsisque

414 2693 570 2723 numeris
602 2702 672 2722 non
707 2692 794 2722 satis
822 2702 863 2723 ex
885 2692 1087 2723 Horatiano
1116 2702 1183 2723 usu
1208 2690 1383 2733 laevigati
1415 2693 1450 2721 et
1475 2688 1654 2731 perpoliti.
1703 2688 1886 2720 Commen-

414 2750 528 2781 tarius
547 2749 758 2781 familiarem
777 2750 1108 2791 interpretationem
1126 2750 1252 2788 refert,
1278 2749 1363 2780 licet
1381 2747 1558 2779 interdum
1573 2747 1668 2777 iusto
1689 2747 1884 2786 verbosior,

415 2807 547 2838 subtile
577 2811 698 2839 tamen
730 2808 900 2839 iudicium
933 2819 1013 2839 cum
1045 2809 1224 2850 exquisita
1257 2807 1422 2839 doctrina
1454 2809 1488 2837 et
1517 2805 1725 2836 recentioris
1756 2814 1886 2846 operae

415 2864 566 2895 Horatio
597 2866 793 2906 praestitae
824 2867 1013 2898 scientiam
1046 2867 1182 2908 prodit,
1219 2870 1253 2898 et
1285 2865 1426 2897 omnino
1458 2862 1635 2905 permulta
1656 2873 1750 2894 nova
1777 2865 1885 2903 atque

413 2922 561 2963 cognitu
586 2923 694 2965 digna
717 2924 831 2957 affert.
