2047 3433
412 329 521 358 XLVI
660 326 844 356 INDICES
879 326 1117 355 LIBRORUM
1146 326 1276 356 MSST.
1309 326 1367 355 ET
1400 327 1657 358 EDITORUM.

410 442 488 462 1·11111
522 431 623 463 novis
655 429 1042 469 animadversionibus,
1076 429 1111 460 in
1144 429 1273 471 quibus
1307 431 1500 472 praecipue
1527 430 1727 462 Bentleinm
1760 431 1891 472 tangit.

411 491 563 521 'l'cxtum
591 490 766 519 Baxterus
790 497 831 518 cx
855 487 1016 527 probatis
1040 487 1302 528 exemplaribus
1320 488 1497 527 Lambini,
1526 489 1685 530 Cruquii,
1713 489 1896 520 Torrentii

411 547 556 584 sumsit,
589 555 653 576 suo
678 548 797 575 tamen
826 544 960 575 iudicio
994 544 1127 585 ubique
1160 545 1387 586 interposito.
1437 547 1589 577 Doctam
1625 546 1717 586 61113,
1750 546 1894 578 brevem

411 608 445 635 1-1
472 614 579 644 saepe
605 605 748 633 acutam
774 601 1041 633 commentandi
1069 602 1258 641 rationem,
1286 602 1456 633 adhibitis
1483 603 1591 634 etlam
1607 606 1766 635 veterum
1793 603 1892 635 scho-

408 662 596 692 liastarum
628 659 736 699 locis,
778 659 847 690 viri
879 659 1014 698 critici,
1052 662 1197 700 propter
1236 659 1311 691 eius
1355 660 1536 703 singulare
1576 671 1702 692 vocum
1736 661 1892 702 origines

409 717 579 759 captandi
610 721 718 758 atque
743 715 912 758 ὃιλογιάς
937 717 972 748 111
997 717 1186 748 sententiis
1213 718 1398 759 scriptoris
1425 719 1479 749 sui
1506 718 1701 759 quaerendi
1733 717 1892 749 studium

409 780 490 817 post
514 775 646 817 Heynii
671 776 713 807 V.
742 775 795 806 Ul.
829 774 1049 806 acerbiorem
1082 785 1271 806 censuram
1297 776 1414 807 minus
1442 777 1534 807 iuste
1569 777 1794 817 exagitantes
1821 787 1892 807 non

410 834 596 873 viderunt,
631 832 765 864 nullam
794 832 889 863 illius
923 832 1059 864 saeculi
1093 832 1305 874 editionem,
1338 834 1560 875 praeclaram
1586 834 1741 866 Bentleii
1772 843 1893 864 recen-

410 893 547 924 sionem
574 891 604 922 si
630 891 832 932 exceperis,
861 894 935 922 tam
960 890 1169 932 popularem
1195 902 1273 922 esse
1300 891 1433 923 factam
1457 894 1492 923 ct
1517 895 1619 923 tanto
1645 901 1822 923 consensu
1847 892 1892 922 ab

409 951 489 982 aliis
522 950 558 981 in
584 960 668 981 snos
694 959 779 981 usus
806 960 885 981 esse
921 949 1138 989 adhibitam,
1177 959 1283 990 quam
1309 949 1400 981 hanc
1425 950 1591 991 Baxteri,
1627 950 1727 982 cuius
1753 952 1891 980 textum

408 1008 503 1040 haud
535 1008 641 1049 pauci
675 1007 731 1038 vel
763 1007 923 1048 insignes
948 1007 1017 1037 viri
1048 1007 1213 1038 certatim
1239 1018 1342 1038 suum
1370 1007 1551 1048 fecerunt,
1586 1007 1685 1040 velut
1712 1008 1892 1040 Gesnerus

409 1066 566 1107 (minime
591 1065 713 1106 inique
739 1063 782 1095 de
805 1074 845 1095 60
871 1063 1071 1106 iudicans),
1105 1064 1269 1106 Sandby,
1298 1065 1464 1105 Oberlin,
1493 1065 1644 1105 Combe,
1676 1064 1889 1104 Wakefield,

408 1124 547 1163 Baden,
572 1124 693 1154 Zeune
715 1122 849 1164 aliique
873 1132 945 1153 non
970 1122 1147 1154 nominati
1171 1122 1286 1162 multi,
1314 1125 1353 1153 ut
1379 1122 1454 1154 fere
1479 1122 1666 1164 vulgatam
1691 1122 1787 1154 illius
1814 1132 1890 1153 sae—

409 1182 479 1213 culi
503 1181 696 1213 lectionem
723 1181 759 1211 in
785 1191 827 1212 ea
852 1180 1029 1212 invenias.
1081 1181 1172 1212 Tum
1199 1180 1374 1222 singulari
1400 1180 1567 1212 fortunae
1592 1181 1716 1212 favore
1734 1181 1890 1212 Baxtero

408 1240 581 1281 contigit,
615 1242 655 1271 111
681 1240 756 1271 61113
786 1238 981 1270 editionem
1010 1240 1045 1270 in
1073 1239 1266 1271 Germania
1297 1238 1365 1269 viri
1399 1241 1433 1269 et
1459 1238 1625 1270 doctrina
1651 1242 1685 1270 et
1719 1238 1891 1279 interpre-

408 1297 509 1329 tandi
542 1298 681 1329 ratione
720 1297 1024 1339 praestantissimi
1059 1296 1175 1328 denuo
1216 1299 1384 1327 curantes
1418 1299 1585 1327 notarum
1622 1295 1890 1327 accessionibus

411 1356 600 1397 exquisitis
626 1355 900 1396 locupletarint‚
929 1358 963 1386 et
981 1357 1082 1386 textu
1109 1364 1250 1396 quoque
1278 1353 1466 1385 emendato
1494 1357 1742 1395 apparatuque
1766 1353 1890 1385 critico

409 1418 515 1446 aucto
540 1412 716 1454 paulatim
737 1412 867 1443 librum
891 1412 1007 1453 magis
1034 1412 1221 1453 magisque
1247 1411 1504 1453 praestabilem
1530 1415 1638 1453 atque
1664 1411 1722 1443 vel
1745 1414 1891 1453 propter

408 1472 609 1504 breviorem
631 1469 803 1501 ambitum
827 1468 940 1500 multa
964 1469 1060 1500 bona
1085 1470 1329 1500 continentem
1358 1469 1543 1510 permultis
1570 1469 1678 1500 etiam
1703 1472 1891 1511 acceptum

408 1529 673 1561 constituerint.
725 1527 907 1569 Siquidem
933 1530 1015 1568 post
1039 1527 1227 1559 Gesneri
1255 1537 1394 1567 curam,
1423 1528 1482 1569 qui
1503 1527 1665 1559 codicum
1691 1537 1776 1559 mss.
1806 1536 1891 1568 quo-

408 1597 477 1628 que
499 1590 534 1619 et
559 1590 719 1618 veterum
744 1585 916 1616 librorum
942 1584 1113 1616 subsidiis
1139 1584 1232 1616 hanc
1259 1584 1453 1616 editionem
1479 1585 1621 1616 ornavit
1645 1588 1679 1616 et
1694 1584 1790 1616 notis
1812 1584 1889 1615 bre-

407 1646 511 1676 vibus
545 1643 688 1686 quidem
715 1642 777 1674 sed
805 1642 920 1673 doctis
957 1645 992 1673 et
1019 1642 1213 1674 commodis
1247 1643 1346 1674 auxit
1379 1641 1493 1684 (Lips.
1521 1643 1609 1674 1752
1637 1645 1673 1674 et
1702 1643 1799 1674 1772.
1824 1642 1888 1683 8.),

406 1703 466 1734 Io.
494 1702 588 1734 Car.
614 1701 806 1733 Zeunius
843 1704 1024 1732 recentem
1050 1701 1081 1732 ei
1107 1710 1252 1741 operam
1279 1700 1376 1731 dedit
1408 1701 1554 1742 suisque
1580 1700 1675 1731 notis
1707 1702 1742 1731 et
1766 1699 1889 1731 Indice

407 1771 502 1793 nom.
528 1770 647 1801 propr.
675 1759 823 1799 ditavit,
858 1762 912 1790 ter
937 1759 1101 1800 repetitis
1131 1759 1243 1798 curis,
1272 1758 1380 1798 1788,
1412 1758 1520 1797 1706,
1552 1758 1652 1790 1802.
1701 1758 1888 1789 Postremo

406 1818 475 1850 Fr.
494 1819 624 1850 Henr.
643 1816 785 1849 Bothe
811 1816 953 1848 erudita
971 1826 1037 1847 sua
1055 1816 1245 1857 diligentia
1261 1816 1297 1846 in
1322 1815 1443 1847 multis
1467 1819 1628 1847 veterum
1654 1814 1887 1856 scriptoribus

408 1876 554 1909 edendis
578 1875 733 1918 probata
755 1874 848 1906 hanc
874 1884 1017 1916 quoque
1043 1874 1450 1906 Baxtero-Zeunianam
1477 1872 1670 1904 editionem
1694 1873 1748 1903 ita
1772 1872 1888 1903 denuo

408 1934 599 1977 perpolivit
631 1936 666 1965 et
700 1933 890 1974 insigniter
924 1932 1041 1971 auxit,
1079 1931 1234 1962 lectione
1259 1931 1455 1962 innumeris
1480 1931 1569 1962 locis
1603 1941 1645 1962 ex
1669 1930 1766 1961 Feae
1790 1939 1890 1971 prae-

407 1995 511 2035 cipue
542 1993 669 2034 opibus
704 1994 862 2030 mutata,
900 1994 940 2021 111
966 2001 1029 2032 pro
1054 2000 1149 2021 nova
1176 1988 1437 2031 quodammodo
1472 1988 1680 2020 recensione
1709 1987 1797 2019 haec
1832 1987 1888 2020 ed.

406 2051 573 2084 habenda
598 2050 664 2090 sit,
691 2049 837 2091 Lipsiae
860 2048 960 2080 1822.
985 2048 1018 2080 8.
1069 2048 1137 2079 Η13
1163 2047 1264 2078 libris
1291 2046 1455 2078 omnibus
1481 2056 1545 2077 nos
1571 2045 1627 2077 usi
1654 2055 1789 2078 sumus.

503 2108 561 2150 56)
583 2108 697 2139 Bentl.
736 2107 858 2139 Rich.
881 2105 1140 2146 Bentleius,
1170 2105 1349 2137 communi
1369 2104 1526 2135 omnium
1552 2113 1730 2135 consensu
1751 2102 1891 2134 critico-

407 2178 484 2199 rum
503 2165 609 2198 facile
626 2165 804 2206 princeps,
831 2164 1026 2196 salutarem
1045 2173 1200 2205 operam,
1227 2165 1267 2194 ut
1283 2162 1362 2194 aliis
1385 2161 1619 2203 scriptoribus
1641 2161 1810 2202 antiquis,
1838 2160 1890 2191 sic

408 2225 516 2257 etiam
548 2223 701 2255 Horatio
735 2222 910 2264 impendit
948 2225 983 2254 et
1015 2222 1146 2263 viginti
1177 2221 1286 2253 trium
1320 2220 1423 2252 codd.
1456 2229 1541 2252 mss.
1577 2229 1643 2261 ope
1677 2229 1748 2250 non
1772 2218 1889 2249 minus

408 2292 514 2324 quam
545 2280 734 2313 excellenti
759 2281 902 2322 ingenio
935 2282 970 2311 et
996 2279 1169 2321 singulari
1202 2289 1244 2310 ae
1269 2277 1455 2310 recondita
1486 2277 1651 2309 doctrina
1682 2276 1827 2308 adiutus
1853 2275 1889 2305 in

409 2342 485 2372 eins
512 2340 668 2372 lectione
701 2337 925 2370 emendanda
958 2338 1012 2369 ita
1041 2340 1206 2369 versatus
1243 2340 1315 2377 est,
1352 2339 1392 2367 ut
1425 2335 1577 2377 amplius
1610 2334 1682 2368 800
1712 2334 1801 2366 locis
1836 2332 1893 2364 vel

409 2398 578 2431 correctis
604 2397 661 2429 vel
686 2396 876 2428 illustratis
902 2406 974 2428 non
995 2406 1124 2427 novam
1149 2394 1254 2426 inodo
1280 2397 1400 2426 textus
1424 2394 1671 2426 recensionem
1697 2392 1892 2424 constitue-

407 2458 471 2497 rit,
507 2455 569 2488 sed
594 2465 723 2487 novam
752 2454 895 2486 omnino
924 2457 1005 2495 post
1031 2454 1245 2485 Lambinum
1272 2453 1420 2485 criticae
1446 2452 1534 2484 artis
1561 2452 1598 2483 in
1623 2451 1691 2484 hoe
1717 2451 1890 2492 scriptore

407 2513 598 2547 tractando
630 2515 786 2545 aetatem
814 2512 1015 2544 condiderit
1049 2515 1084 2543 et
1117 2511 1244 2543 doctae
1271 2514 1379 2553 atque
1406 2510 1547 2542 subtilis
1581 2509 1890 2551 interpretationis

410 2572 591 2614 exemplar
621 2571 658 2602 in
690 2571 784 2602 notis
810 2571 925 2602 textui
958 2570 1131 2602 subiectis
1159 2569 1379 2609 exhibuerit,
1418 2569 1504 2600 licet
1535 2567 1688 2600 audacia
1713 2567 1751 2598 in
1784 2567 1891 2598 corri-

410 2630 525 2672 gendo
551 2629 730 2661 interdum
756 2628 888 2659 limites
916 2628 1110 2659 excesserit
1134 2627 1287 2669 ideoque
1312 2626 1482 2668 plurimos
1511 2625 1736 2657 adversarios
1762 2627 1890 2656 nactus

411 2688 470 2719 sit.
520 2687 641 2718 Prima
674 2687 748 2718 eius
780 2685 890 2717 editio
924 2685 1057 2727 prodiit
1089 2695 1121 2716 a.
1149 2684 1250 2717 1711.
1286 2684 1458 2716 Cantabr.
1484 2685 1517 2715 4.
1551 2682 1646 2714 notis
1679 2681 1724 2713 ad
1756 2681 1888 2713 calcem

410 2744 493 2775 libri
519 2745 705 2783 subiectis;
735 2744 849 2776 altera
876 2743 1108 2783 emendatior,
1136 2743 1230 2774 notis
1254 2743 1292 2773 in
1315 2741 1474 2783 singulas
1494 2740 1644 2782 paginas
1671 2739 1888 2778 distributis,

410 2812 537 2832 recusa
561 2801 710 2833 Amstel.
737 2812 770 2833 a.
796 2801 917 2841 1713.‚
945 2800 1167 2842 splendidius
1193 2800 1326 2831 ibidem
1350 2808 1518 2840 expressa
1544 2797 1645 2830 1728.
1671 2798 1706 2829 4.
1733 2799 1769 2828 et
1789 2806 1889 2837 repe-

410 2860 479 2890 tita
504 2859 650 2899 Lipsiae
677 2859 778 2891 1764.
806 2860 839 2891 8.
867 2869 938 2900 qua
963 2862 1117 2900 utraque
1141 2869 1205 2889 nos
1231 2858 1287 2889 usi
1313 2867 1447 2888 sumus.

505 2915 563 2957 57)
591 2916 671 2948 Cim.
720 2916 840 2948 Alex.
867 2916 1107 2957 Cuningani
1141 2915 1333 2947 Horatium
1368 2924 1442 2954 „ex
1470 2912 1627 2953 antiquis
1650 2910 1763 2943 Codd.
1800 2910 1888 2951 (non

411 2973 496 3013 suis,
526 2972 588 3005 sed
603 2973 817 3014 Cruquianis
839 2973 1079 3016 potissimum)
1107 2976 1142 3005 et
1167 2973 1273 3005 certis
1304 2970 1642 3003 observationibus“
1671 2980 1703 3001 a.
1726 2969 1827 3001 1721.
1855 2969 1889 3000 8.
