2057 3412
372 267 424 306 74
918 272 1028 302 HOR.
1060 270 1314 301 SERMONUM

375 375 549 416 Lascivi
579 373 725 429 pueri3
752 386 858 427 quos
887 377 935 413 tu
964 373 1048 413 nisi
1078 372 1193 413 fuste
1223 377 1415 424 coerces,

284 448 348 482 135
376 442 554 495 Urgeris
581 439 709 481 turba
733 440 894 480 circum
922 445 964 480 te
996 445 1135 480 stante
1145 472 1155 491 ,
1188 440 1403 495 miserque

373 510 599 564 Rumperis
633 512 674 548 et
704 507 857 560 latras,
884 521 1139 561 magnorum
1168 508 1355 548 maxime
1384 507 1561 562 regum!

371 577 435 618 Ne
463 576 640 630 longum
663 574 842 615 faciam:
877 575 979 615 dum
1006 580 1052 614 tu
1082 574 1320 630 quadrante
1348 575 1540 615 lavatum

371 645 468 685 Rex
497 643 602 695 ibis,
634 656 773 698 neque
803 648 845 682 te
877 642 1103 698 quisquam
1131 643 1328 698 stipator,
1361 645 1554 699 ineptum

372 712 548 751 Praeter
581 709 850 765 Crispinum,
883 708 1137 750 sectabitur:
1170 716 1211 750 ct
1241 711 1344 752 mihi
1368 712 1515 752 dulces

284 790 348 824 140
372 779 624 833 Ignoscent,
657 779 693 817 si
724 777 828 834 quid
857 791 1039 832 peccaro
1070 777 1246 831 stultus,
1279 779 1434 831 amici3

372 848 509 903 Inque
537 847 677 887 vicem
707 845 877 886 illorum
907 845 1046 900 patiar
1078 845 1236 886 delicta
1264 845 1467 898 libenter,

372 914 662 970 Privatusque
693 914 831 969 magis
858 914 1005 954 vivam
1035 919 1076 954 te
1104 927 1207 968 rege
1238 912 1404 954 beatus.

976 1036 1255 1078 SATIRAIV.

874 1117 1363 1158 CRISPINUS.

372 1207 553 1264 Eupolis
587 1212 715 1263 atque
749 1205 951 1247 Cratinus
981 1205 1383 1262 Aristophanesque
1412 1212 1566 1262 poetae

371 1277 516 1331 Atque
546 1274 644 1326 alii,
673 1288 854 1331 quorum
885 1273 1108 1314 comoedia
1133 1274 1278 1329 prisca
1307 1274 1498 1315 virorum
1527 1281 1610 1328 est,

373 1342 419 1384 Si
452 1342 546 1398 quis
573 1348 664 1382 erat
696 1342 853 1396 dignus
886 1341 1094 1394 describi,
1127 1341 1241 1397 quod
1277 1341 1415 1382 malus
1447 1356 1497 1382 ac
1528 1341 1618 1395 fur,

374 1410 502 1462 Quod
525 1408 729 1450 moechus
755 1409 868 1449 foret
896 1414 969 1449 aut
996 1409 1177 1450 sicarius
1208 1414 1282 1450 aut
1309 1408 1470 1464 alioqui

330 1492 349 1522 5
378 1478 609 1529 Famosus,
636 1474 771 1516 multa
797 1489 893 1516 cum
922 1475 1121 1517 libertate
1151 1476 1373 1518 notabant.

374 1544 489 1584 Hinc
514 1543 651 1584 omnis
679 1543 839 1599 pendet
869 1543 1084 1597 Lucilius,
1115 1544 1245 1585 hosce
1276 1550 1468 1597 secutus,

374 1612 551 1653 Mutatis
577 1616 745 1651 tantum
770 1610 954 1667 pedibus
980 1613 1279 1668 numerisque3
1310 1612 1495 1666 facetus,

374 1680 614 1720 Emunctae
645 1678 783 1731 naris,
823 1677 956 1720 durus
989 1694 1232 1735 conponere
1259 1695 1426 1721 versus.

374 1747 485 1787 Nam
510 1746 592 1786 fuit
621 1746 703 1787 hoc
731 1746 936 1788 vitiosus:
976 1747 1021 1788 in
1046 1748 1152 1789 hora
1182 1762 1310 1803 saepe
1338 1747 1567 1801 ducentos,

311 1825 354 1857 10
376 1815 437 1856 Ut
467 1829 696 1870 magnum,
724 1827 877 1855 versus
909 1814 1100 1856 dictabat
1129 1821 1247 1856 stans
1276 1814 1387 1871 pede
1417 1815 1463 1855 in
1493 1830 1594 1857 uno.

379 1881 489 1924 Cum
510 1882 663 1922 flueret
692 1880 948 1935 lutulentus,
979 1888 1070 1923 erat
1101 1883 1216 1938 quod
1246 1882 1398 1924 tollere
1429 1882 1593 1923 velles:

377 1951 588 1994 Garrulus
619 1957 747 2004 atque
777 1949 901 2004 piger
933 1949 1151 1991 scribendi
1182 1950 1296 1991 ferre
1325 1949 1538 2003 laborem3

424 2078 506 2117 134)
532 2081 597 2110 nisi
614 2079 716 2118 fuste.
743 2076 868 2108 Msset
893 2076 969 2110 edd.
986 2077 1100 2119 vulgo.

373 2128 407 2158 ni
425 2126 525 2166 fuste.
553 2125 630 2156 Mss.
658 2133 700 2155 ex
726 2124 849 2154 nostris
866 2124 940 2153 Bas.
963 2125 990 2157 l,
1019 2124 1098 2154 Drd.

373 2172 402 2203 1.
431 2172 531 2203 Dorv.
557 2172 590 2202 ⁵2.
617 2171 713 2201 Dess.
741 2169 774 2199 2.
800 2168 831 2200 3.
858 2169 945 2202 Mon.
973 2170 1002 2202 13.
1040 2179 1101 2201 sex

373 2229 426 2260 ap.
447 2218 558 2249 ream.
586 2227 642 2248 un.
671 2226 724 2257 ap.
753 2215 828 2248 Val.
853 2225 907 2246 un.
935 2226 988 2259 ap.
1017 2215 1097 2247 Bad.

374 2264 457 2296 Edd.
475 2263 583 2295 Bentl.
603 2263 684 2294 Cun.
705 2261 822 2292 Heind.
849 2261 948 2295 Doer,

421 2332 500 2374 136)
528 2338 558 2364 et
580 2334 714 2363 clamas.
743 2331 822 2363 lec.
845 2336 928 2362 nost.
958 2330 1095 2363 Dessss.

373 2389 426 2412 un.
455 2390 508 2421 ap.
536 2379 661 2410 Bersm.

422 2447 501 2488 137)
527 2448 600 2478 Non
634 2448 770 2488 longum.
797 2445 877 2476 Msc.
905 2450 990 2477 nost.
1018 2445 1095 2477 Drd.

373 2497 403 2526 2.
440 2494 510 2525 Nec
548 2495 685 2534 longum.
730 2492 878 2530 Quatuor
918 2502 997 2522 mss.
1041 2502 1095 2533 ap.

373 2542 487 2572 Feam.
515 2557 561 2562 —-
581 2540 707 2580 faciam
738 2540 875 2580 longum.
906 2537 982 2568 Msc.
1011 2544 1094 2569 nost.

376 2588 453 2618 ord.
481 2586 511 2618 3.

422 2654 500 2692 13¹2»)
528 2659 564 2686 at
586 2654 669 2685 mihi.
703 2653 783 2685 Mss.
812 2658 879 2684 tres
905 2662 958 2694 ap.
985 2653 1096 2684 Feam.

426 2722 503 2764 140)
549 2732 703 2763 peccaro.
757 2722 836 2753 Mss.
883 2731 926 2752 ex
974 2721 1098 2753 nostris

376 2769 466 2810 Lips.
495 2771 525 2801 2.
555 2770 647 2800 Dess.
675 2769 706 2800 2.
737 2767 815 2799 Drd.
845 2767 873 2799 l.
903 2766 933 2799 3.
952 2768 983 2798 4.
1010 2767 1096 2799 Mon.

375 2815 404 2845 2.
432 2814 463 2845 3.
492 2816 521 2845 ἴ).
549 2815 621 2855 (itg.
652 2815 679 2846 1.
709 2814 766 2845 alii
781 2824 834 2855 ap.
853 2813 971 2844 Lamb.
990 2812 1097 2844 Pulm.

375 2860 500 2890 Bersm.
530 2860 623 2890 Talb.
653 2860 759 2891 Bentl.
779 2859 853 2890 Val.
873 2859 1097 2891 Cornb.Gesn.

376 2906 486 2936 Feam.
516 2906 600 2936 Edd.
627 2904 731 2936 Bentl.
759 2905 816 2945 qui
841 2905 945 2936 restit.
971 2915 1020 2944 sq.
1047 2914 1098 2935 re-

1142 2082 1239 2109 centt.
1268 2077 1338 2108 fere
1367 2086 1674 2117 01n11.peecaver0.
1711 2077 1786 2108 Mss.
1820 2087 1861 2108 ex

1140 2124 1264 2154 nostris
1295 2123 1386 2165 Lips.
1420 2123 1451 2156 1.
1486 2122 1577 2154 Sant.
1613 2122 1698 2154 Mon.
1725 2125 1756 2154 4.
1786 2124 1860 2164 (lig.

1140 2171 1170 2200 2.
1201 2170 1260 2200 alii
1299 2179 1354 2210 ap.
1393 2169 1499 2200 Pulm.
1541 2170 1623 2200 Pota.
1658 2169 1730 2200 Val.
1778 2169 1860 2200 Edd.

1140 2221 1215 2246 ante
1240 2215 1344 2246 Bentl.
1372 2224 1487 2246 omnes
1514 2220 1544 2245 et
1558 2214 1672 2256 Camp.
1693 2215 1764 2257 Bip.
1784 2215 1860 2247 Bur.

1141 2260 1258 2302 Duviq.
1280 2261 1438 2301 peccabo.
1463 2261 1539 2292 Mss.
1556 2271 1597 2292 ex
1614 2261 1738 2293 uostris
1765 2261 1860 2293 Dess.

1140 2306 1168 2338 l.
1204 2307 1234 2340 3.
1271 2308 1355 2339 Mon.
1395 2307 1424 2338 1.
1460 2307 1534 2338 Bas.
1584 2307 1609 2339 1.
1651 2307 1680 2339 3.
1718 2307 1793 2339 Drd.
1828 2309 1859 2339 2.

1138 2352 1237 2384 Dorv.
1266 2355 1298 2385 ⁶2.
1332 2353 1430 2384 Corb.
1459 2353 1594 2387 Mentel.
1618 2353 1743 2387 th1.*2.
1771 2353 1858 2395 Gph.

1137 2400 1168 2432 2.
1205 2410 1247 2430 ex
1288 2409 1374 2433 corr.
1411 2399 1470 2430 alii
1501 2409 1557 2441 ap.
1594 2400 1708 2431 Lamb.
1750 2400 1857 2433 Pnlm.

1138 2445 1224 2477 Crat.
1275 2446 1401 2479 Bersm.
1444 2445 1594 2477 Torrent.
1642 2446 1717 2479 Val.
1761 2446 1857 2479 Talb,

1137 2490 1249 2523 Oberl.
1281 2493 1362 2526 Bad,
1389 2492 1500 2525 Iaeck.
1529 2492 1612 2522 Pott.
1644 2492 1706 2524 Ed.
1738 2494 1859 2524 Azara.

1132 2540 1281 2578 peceavi.
1317 2539 1398 2571 Msc.
1435 2543 1522 2570 nost.
1558 2537 1644 2579 Gph.
1678 2538 1708 2569 l.
1741 2539 1860 2569 stultus

1131 2594 1329 2624 peccavero.
1357 2584 1419 2616 Ed.
1448 2584 1521 2614 Zar.

1186 2653 1269 2689 142)
1292 2653 1526 2693 Privatimque.
1553 2651 1635 2684 Mss.
1666 2661 1720 2693 ap.
1750 2651 1858 2682 Bentl.

1137 2700 1171 2733 2.
1199 2698 1220 2731 6
1245 2698 1295 2741 (v.
1320 2697 1411 2738 lect.)

1381 2787 1403 2819 S
1417 2787 1527 2818 atira
1553 2788 1610 2821 IV,

1184 2857 1220 2897 2)
1250 2858 1393 2888 virorum
1427 2855 1512 2896 (om.
1541 2862 1616 2897 est).
1655 2857 1736 2890 Mse.
1772 2861 1856 2889 nost.

1139 2904 1214 2937 Bas.
1240 2902 1272 2933 3.
1310 2902 1371 2933 Ed.
1400 2902 1503 2935 Loch.
