2007 3434
411 312 596 343 INDICES
628 313 867 342 LIBRORUM
898 313 1026 343 MSST.
1059 313 1116 343 ET
1148 311 1404 342 EDITORUM.
1547 309 1639 339 XXV

172 420 331 459 nomine,
367 417 469 451 Gallo
495 418 662 458 Morello‚
694 419 738 450 V.
770 418 1021 451 Reverendiss.
1051 428 1234 450 sacrorum
1263 417 1426 449 antistite
1452 418 1487 448 et
1514 415 1640 447 biblio-

172 476 330 509 thecario
348 476 384 507 in
398 476 637 508 Eremitarum
663 477 834 509 coenobio
861 477 933 518 (Kl.
948 476 1172 513 Einsiedeln)
1197 475 1336 508 anobis
1357 475 1484 507 merito
1510 474 1639 513 dictus,

171 546 214 567 ex
229 534 338 566 variis
359 533 441 565 libri
464 533 612 574 perboni
638 544 679 565 ac
707 535 903 575 pervetusti
926 534 1111 576 particulis
1137 534 1180 566 ab
1197 535 1274 575 ipso
1293 544 1336 565 ex
1351 536 1511 565 veterum
1534 532 1641 563 libro-

172 604 248 625 rum
278 591 495 634 tegumentis
528 591 663 632 passim
695 592 867 623 detractis
899 595 1053 625 constat.
1103 593 1204 623 Haec
1238 591 1441 633 fragmenta
1470 590 1642 622 membra-

171 661 295 683 narum
321 651 364 682 22
390 649 512 680 variae
538 649 690 690 formae,
717 650 799 681 Car.
826 650 920 682 Guil.
948 649 1099 681 Miillero
1124 650 1167 681 V.
1185 648 1238 682 Cl.
1265 648 1510 680 intercedente
1537 647 1641 679 nobis

171 708 366 741 liberaliter
399 717 588 745 concessa,
622 707 657 737 in
682 707 842 739 ordinem
874 717 894 738 a
917 707 1020 738 nobis
1051 710 1224 749 congesta
1251 710 1286 738 et
1316 706 1480 738 sordibus
1513 705 1642 737 adhae-

170 766 331 799 rentibus
357 768 461 797 caute
486 768 641 807 purgata
666 765 802 797 codicis
826 765 1043 797 nitidissime
1068 769 1102 796 et
1128 765 1398 796 accuratissime
1423 764 1559 805 scripti,
1585 763 1642 795 cui

172 824 307 857 saeculi
339 824 382 855 X.
421 826 577 855 aetatem
609 823 717 854 certis
755 824 896 855 indiciis
933 823 1212 865 assignavimus,
1252 823 1372 855 varias
1405 832 1447 854 ex
1479 822 1640 854 omnibus

171 883 246 914 fere
266 882 356 915 Hor.
391 881 536 923 scriptis
568 880 706 912 laceras
733 881 928 923 particulas
953 881 1130 919 referunt,
1165 891 1253 922 quas
1291 881 1327 911 in
1352 879 1465 912 Novis
1491 880 1640 920 Quaest.

171 941 259 972 Hor.
286 950 320 981 p.
349 940 394 972 52
417 949 471 981 sq.
505 938 644 980 plenius
668 939 919 971 indicavimus.
968 939 1039 970 Hic
1064 938 1168 969 modo
1196 948 1238 969 ex
1261 938 1469 970 Sermonum
1493 937 1584 969 libro
1606 938 1642 969 II

172 996 270 1039 (nam
285 1008 328 1029 ex
344 997 458 1039 primo
474 997 564 1029 nihil
578 997 711 1039 exstat)
739 1000 904 1029 notamus
930 997 1028 1029 locos
1054 996 1114 1038 qui
1140 996 1281 1027 insunt:
1307 995 1384 1027 Sat.
1406 997 1437 1036 5,
1453 995 1580 1028 3—86.
1597 1014 1642 1019 —

171 1057 209 1097 6,
235 1055 386 1089 61-98
412 1054 604 1097 (dimidiati
630 1055 782 1098 versus).
816 1054 1023 1087 103—116.
1054 1072 1096 1076 —
1135 1055 1172 1093 7,
1208 1053 1345 1085 1—27.
1385 1054 1566 1087 70—118.
1600 1073 1642 1077 —

171 1115 204 1154 8,
234 1112 370 1148 1—36.
396 1113 556 1146 86—95.
608 1114 752 1146 Scholia
779 1114 825 1145 ad
855 1124 966 1155 marg.
995 1115 1030 1144 et
1053 1111 1196 1153 glossae
1220 1111 1313 1143 inter
1336 1110 1451 1143 lineas
1485 1115 1640 1143 exstant.

173 1172 290 1205 Huius
315 1171 450 1203 codicis
475 1171 657 1203 meliorem
682 1172 859 1211 habitum,
886 1182 955 1212 quo
981 1169 1027 1201 ad
1050 1179 1154 1200 usum
1179 1168 1280 1200 fieret
1305 1169 1540 1209 commodior,
1566 1170 1643 1201 iure

171 1231 274 1262 nobis
293 1229 529 1262 vindicamus.
581 1230 755 1270 Orellius,
786 1230 822 1260 in
848 1229 947 1260 cuius
969 1237 1095 1259 manus
1121 1230 1204 1259 ante
1229 1237 1293 1259 nos
1318 1228 1499 1268 pervenit,
1531 1227 1568 1258 in
1595 1226 1644 1259 al-

172 1291 252 1320 tera
276 1287 434 1319 editione
465 1298 506 1320 eo
533 1299 604 1319 non
628 1299 715 1320 usus
739 1291 810 1326 est⁷
843 1285 1103 1318 Einsiedlensis
1133 1282 1183 1325 (E
1208 1283 1350 1327 littera)
1376 1285 1519 1316 nomine
1543 1288 1644 1317 nota-

172 1346 238 1376 vit.
288 1344 355 1376 Illo
385 1348 524 1377 mortuo
548 1345 716 1377 Baiterus
741 1345 805 1376 has
837 1344 986 1375 schedas
1018 1346 1146 1374 nactus
1177 1342 1215 1373 in
1241 1342 1325 1373 edit.
1352 1343 1482 1374 tertiae
1505 1343 1644 1384 praefa-

173 1403 272 1435 tione
296 1401 496 1434 levidensia
524 1403 699 1445 quaedam
724 1403 761 1433 in
790 1412 959 1433 versuum
982 1401 1138 1432 numeris
1163 1399 1331 1431 notandis
1358 1400 1581 1442 singulisque
1607 1401 1644 1432 in

171 1460 301 1492 litteris
327 1462 445 1491 errata
468 1461 570 1492 nobis
605 1460 851 1502 exprobravit;
885 1459 948 1490 sed
972 1459 1049 1500 ipse
1073 1458 1178 1500 plura
1205 1457 1351 1499 cognitu
1377 1457 1487 1499 digna
1512 1469 1554 1490 ex
1577 1458 1645 1490 hoc

173 1518 297 1551 codice
321 1519 448 1549 notare
473 1517 685 1559 supersedit.

263 1575 321 1618 34)
358 1574 454 1608 Sant.
513 1574 600 1606 Cod.
635 1575 875 1607 Santenianus
909 1573 1076 1605 biblioth.
1108 1573 1245 1615 Regiae
1276 1572 1518 1604 Berolinensis
1548 1574 1641 1616 sign.

172 1634 236 1666 Nr.
262 1632 318 1666 60.
349 1632 642 1665 membranaceus
676 1634 712 1664 in
736 1632 840 1665 Folio
873 1642 968 1664 saec.
994 1631 1116 1670 XIII.‚
1155 1641 1198 1662 ex
1232 1630 1397 1662 Santenii
1428 1630 1529 1662 libris
1561 1631 1645 1663 olim

174 1694 288 1723 emtus
324 1702 345 1723 a
364 1690 511 1731 Diezio‚
542 1692 701 1723 continet
727 1689 960 1732 Florilegium
991 1700 1020 1720 S.
1049 1691 1230 1730 Excerpta
1261 1688 1420 1720 locorum
1451 1688 1645 1730 insignium

173 1761 216 1782 ex
253 1750 368 1792 poetis
405 1749 558 1791 aliisque
596 1750 754 1791 antiquis
791 1746 1045 1788 scriptoribus,
1083 1747 1120 1778 in
1161 1747 1290 1789 quibus
1322 1747 1467 1779 Horatii
1504 1757 1645 1788 quoque

170 1807 242 1839 loci
270 1806 366 1838 haud
399 1806 506 1848 pauci
538 1817 580 1838 ex
605 1806 691 1838 Arte
726 1809 822 1847 poet.
850 1804 1080 1837 Sermonibus
1113 1809 1148 1836 et
1172 1805 1346 1847 Epistolis
1377 1805 1518 1844 insunt,
1555 1815 1644 1846 quos

173 1869 293 1897 tamen
319 1867 445 1896 auctor
467 1863 573 1895 huius
598 1864 681 1895 libri
705 1864 840 1906 passim
864 1866 1022 1895 mutatos
1053 1864 1097 1895 ad
1125 1874 1208 1895 suos
1234 1873 1320 1895 usus
1345 1861 1644 1894 accommodavit.

172 1923 243 1954 Hic
268 1921 380 1953 codex
402 1921 516 1953 nitide
540 1925 575 1954 et
599 1922 799 1954 luculenter
823 1922 978 1963 scriptus
1004 1932 1075 1953 non
1098 1921 1212 1953 multa
1236 1924 1357 1952 tamen
1383 1919 1429 1951 ad
1452 1919 1644 1952 lectionem

174 1983 303 2023 poetae
331 1978 590 2012 emendandam
619 1980 724 2012 utilia
753 1980 855 2011 nobis
888 1979 1063 2021 praebuit.
1099 1978 1223 2020 (Plura
1254 1979 1297 2010 de
1322 1988 1362 2010 eo
1396 1977 1582 2009 attulimus
1608 1978 1645 2009 in

174 2038 334 2071 Praesat.
363 2037 409 2068 ad
433 2037 521 2068 Hor.
546 2037 622 2069 Sat.
652 2037 755 2071 1829.
782 2048 818 2079 p.
841 2037 970 2070 XCIX.
997 2040 1031 2068 et
1055 2037 1148 2069 Nov.
1177 2038 1324 2078 Qnaest.
1349 2047 1384 2078 p.
1412 2035 1484 2077 54.)

263 2096 359 2128 Huic
382 2094 498 2127 Indici
531 2096 694 2127 codicum
717 2107 801 2127 mSS.
836 2098 1037 2127 nostrorum
1063 2095 1272 2127 subiicimus
1297 2094 1463 2126 notitiam
1496 2093 1644 2126 duorum

173 2154 355 2194 codicum,
382 2163 531 2194 quorum
555 2152 646 2184 alter
669 2153 875 2193 Acronis,
901 2153 992 2185 alter
1015 2153 1337 2196 Porphyrionis
1362 2151 1644 2184 Scholiastarum

174 2211 449 2245 commentarios
475 2210 649 2242 continet.

265 2269 306 2311 a)
341 2269 485 2300 Aer-onis
517 2269 626 2300 codex
657 2279 734 2300 msc-
772 2269 937 2301 biblioth.
969 2268 1118 2300 Ducalis
1152 2267 1508 2310 Guelpherbytanae,
1548 2268 1641 2311 sign.

173 2328 230 2368 81,
253 2326 310 2359 38.
337 2336 423 2360 msc.
450 2325 542 2367 Aug.
567 2325 644 2359 Fol.
671 2325 882 2359 chartaceus
907 2337 1003 2358 saec.
1029 2326 1107 2358 XV.
1132 2325 1282 2357 Acronis
1308 2325 1582 2358 commentarios
1608 2326 1643 2358 in

173 2385 292 2417 Carm.
325 2384 435 2415 libros
464 2383 533 2423 IV,
566 2383 712 2425 Epodos
745 2383 948 2425 (deficiente
979 2395 1104 2416 comm.
1138 2383 1184 2415 ad
1213 2383 1329 2424 Epod.
1364 2384 1423 2424 17,
1455 2383 1643 2425 53-81.)

174 2444 292 2476 Carm.
323 2452 418 2473 saec.
447 2439 490 2471 A.
522 2443 617 2482 poet.
652 2441 862 2474 Sermonum
892 2442 1003 2473 libros
1035 2442 1065 2473 Ι.
1096 2441 1145 2473 Π.
1178 2441 1377 2473 continens.
1434 2441 1568 2473 Comm.
1599 2442 1644 2473 ad

172 2499 357 2542 Epistolas
383 2498 496 2529 deest.
544 2498 654 2530 Liber
678 2499 716 2530 in
748 2499 873 2531 charta
895 2501 984 2532 satis
1011 2499 1094 2531 alba
1119 2503 1154 2532 et
1179 2510 1302 2531 crassa
1331 2509 1419 2540 pure
1444 2498 1644 2530 emendate-

174 2569 242 2601 que
274 2557 449 2599 scriptus,
494 2556 557 2588 sed
587 2556 775 2589 deficiente
806 2558 902 2589 omni
934 2558 1123 2590 verborum
1161 2557 1450 2598 interpunctione
1483 2555 1643 2588 difficilis

173 2617 281 2648 lectu.
331 2614 456 2647 Lectio
482 2625 562 2646 cum
578 2614 738 2646 Fabricii
761 2618 862 2646 textu
887 2615 923 2646 in
946 2615 1002 2646 ed.
1028 2615 1141 2647 Basil.
1169 2616 1258 2648 1555
1283 2614 1492 2657 plerumque
1517 2625 1643 2646 conve-

174 2675 247 2714 nit,
269 2673 365 2705 haud
385 2668 513 2714 ‘paucis
535 2675 655 2704 tamen
671 2672 727 2704 vel
751 2672 900 2714 singulis
917 2673 1105 2705 vocabulis
1133 2672 1190 2704 vel
1215 2673 1302 2704 totis
1328 2673 1514 2704 sententiis
1539 2672 1643 2704 omis-

174 2732 236 2764 sis.
285 2731 438 2773 Propria
462 2734 581 2763 tamen
597 2731 685 2762 satis
710 2730 824 2762 multa
849 2731 893 2762 ab
921 2730 981 2762 illo
1005 2734 1106 2763 textu
1127 2731 1271 2762 diversa
1293 2730 1414 2762 habet.
1463 2730 1506 2762 In
1530 2731 1644 2772 prima

173 2790 308 2832 pagina
332 2789 466 2821 codicis
490 2788 622 2830 legitur
647 2788 724 2819 vita
747 2787 823 2819 illa:
844 2778 1058 2828 ’,‚Horatius
1082 2788 1236 2820 Flaccus
1263 2788 1430 2820 libertino
1456 2790 1558 2830 patre
1583 2799 1644 2820 na-

174 2850 232 2879 tus
258 2847 296 2879 in
320 2845 481 2889 Apulia“
509 2844 600 2887 (vita
622 2845 671 2878 Π.
699 2846 794 2888 apud
818 2856 882 2878 nos
909 2847 946 2877 in
969 2847 1081 2879 Novis
1106 2847 1254 2887 Quaest.
1279 2857 1314 2888 p.
1340 2846 1417 2889 43):
1442 2847 1480 2878 in
1503 2846 1590 2879 folio
1608 2848 1641 2879 2.

173 2905 250 2936 vita
272 2904 341 2936 III.
369 2903 465 2946 apud
492 2913 557 2935 nos
582 2903 606 2936 1.
633 2914 664 2936 c.
697 2915 731 2946 p.
758 2904 821 2935 44:
857 2903 1033 2944 „Oratius
1061 2904 1104 2945 Q.
1131 2904 1157 2936 f.
1191 2914 1369 2946 praecone
1400 2908 1504 2948 patre
1534 2909 1641 2939 natus

173 2961 362 2994 libertinae
387 2961 642 2994 conditionis.“
