2047 3433
368 314 513 344 XXXIV

446 476 546 507 7975.

447 589 549 623 7976.

447 648 548 680 7977.

446 759 548 793 7978.

448 874 550 908 7979.

446 989 547 1023 8212.

448 1105 551 1138 8213.

448 1277 550 1309 8214.

449 1393 552 1425 8215.

450 1506 553 1539 8216.

451 1679 553 1712 8217.

452 1850 554 1882 8218.

452 1907 555 1941 7980.

452 1965 539 1998 7981
548 1991 555 1997 .

453 2022 555 2056 7982.

453 2081 556 2113 8219.

455 2252 558 2285 7984.

610 310 796 342 INDICES

680 587 713 619 8.

682 646 716 678 9.

676 760 730 792 10.

676 876 729 908 11.

676 1104 730 1137 13.

677 1277 731 1309 14.

676 1393 729 1424 ];“).

679 1506 731 1538 16.

679 1679 732 1711 17.

681 1850 733 1882 18.

679 1907 733 1940 19.

676 1966 733 1998 20.

679 2025 733 2056 21.

678 2083 697 2103 ὓ
702 2084 722 2103 ⁴)

679 2105 734 2114 κη.

680 2250 737 2284 23.

829 309 1068 339 LIBRORUM
1097 309 1227 339 MSST.
1260 308 1318 338 ΕΤ
1346 308 1604 340 EDITORUM.

816 481 848 512 γ.

810 587 858 619 Η.

814 646 850 677 J.

824 2083 866 2114 T.

798 2378 915 2416 XIV.

370 419 433 450 Nr.
453 416 617 449 biblioth.
632 413 888 453 ll‘ott.1Vand.
903 415 905 450 1
918 412 1020 444 Sacc.
1037 412 1205 452 ΙΙ·“οΥ111;1.Ι
1268 413 1477 454 Argument.
1490 413 1804 446 etAnimadvm-ss.

939 471 1004 502 XI.
1041 470 1116 502 1³01.
1129 471 1212 502 min.
1239 470 1328 503 Ilor.
1361 481 1455 503 omn.
1489 482 1520 503 0.
1547 471 1659 504 schol.
1693 482 1735 504 ex
1762 471 1848 503 bibl.

931 586 1015 618 XII.

931 644 1016 677 XII.

936 759 1021 791 XII.

1113 588 1146 618 4.

1091 643 1170 676 Fol.

931 875 1015 906 XII.
1039 873 1117 907 Fol.
1127 874 1210 906 min.

930 989 1013 1021 XII.
1051 988 1083 1021 8.
1110 988 1207 1031 long.

933 1105 1018 1136 XII.
1060 1105 1094 1136 4.

937 1277 1022 1309 XII.
1057 1276 1092 1310 8.

926 1392 1030 1424 XIII.
1057 1392 1090 1424 8.

928 1507 1031 1539 XIII.
1058 1507 1091 1539 8.

929 1679 1033 1712 XIII.

928 1851 1031 1883 XIII.

930 1909 1027 1942 XIV.

929 1967 1027 1999 XIV.

933 2082 1031 2115 XIV.

949 2252 1027 2285 XV.

1119 1104 1204 1136 min.

1116 1275 1214 1318 long.

1116 1391 1213 1434 long.

1118 1507 1215 1549 long.

1120 1678 1153 1711 8.

1124 2082 1158 2114 8.

1234 528 1324 569 priv.
1352 529 1500 560 IIenrici
1524 529 1573 561 ΙΙ.

1238 586 1326 618 Hor.
1354 597 1447 618 omn.
1475 598 1505 618 c.
1534 585 1693 618 scholiis.

1234 644 1322 676 Hor.
1358 655 1452 676 omn.
1489 655 1518 676 0.
1554 643 1665 675 schol.
1695 644 1775 676 Nic.
1807 644 1850 675 de

1235 701 1471 743 Clamcngiis‚
1498 696 1579 743 post
1600 700 1756 732 Colbert.

1240 760 1308 791 Ars
1341 763 1437 801 poet.
1473 758 1517 801 (Ι.
1553 759 1668 801 Epist.
1709 758 1850 790 16-20.

1235 825 1328 849 saec.
1356 817 1470 859 XIV.)

1238 874 1306 906 Od.
1334 875 1440 907 I—V.
1468 875 1510 906 A.
1537 878 1632 916 poet.
1651 874 1727 906 Sat.
1745 873 1776 906 I.
1798 873 1871 910 11„

1237 942 1268 963 c.
1296 932 1405 973 gloss.
1434 932 1527 963 Olim
1550 932 1709 964 Colbert.

1239 989 1328 1021 Hor.
1363 1000 1456 1021 omn.
1498 989 1610 1021 nitide
1644 999 1712 1021 scr.
1758 987 1852 1019 Olim

1240 1047 1482 1078 Mazarineus.

1237 1104 1325 1135 Hor.
1338 1114 1431 1135 omn.
1448 1114 1478 1135 0.
1491 1103 1601 1136 schol.
1614 1107 1649 1135 01
1663 1102 1710 1145 gl.
1727 1107 1853 1135 ornate

1236 1171 1304 1193 scr.
1329 1165 1464 1203 praest.
1484 1162 1567 1193 olim
1584 1161 1712 1194 Lamb.
1736 1162 1800 1194 Nr.
1818 1163 1851 1193 2.

1237 1222 1319 1260 post
1338 1219 1514 1250 Mazarin.

1240 1277 1330 1308 Hor.
1360 1286 1453 1308 omn.
1476 1275 1589 1308 nitide
1611 1286 1679 1307 scr.
1712 1275 1851 1307 emend.

1237 1344 1388 1366 conven.
1407 1345 1437 1366 e.
1457 1334 1520 1366 Nr.
1538 1336 1570 1366 2.
1598 1334 1681 1365 011111
1697 1333 1852 1365 Colbert.

1241 1392 1330 1424 Hor.
1352 1402 1445 1424 omn.
1466 1403 1496 1424 c.
1517 1391 1630 1424 schol.
1650 1395 1685 1423 et
1702 1392 1750 1433 gl.
1771 1391 1854 1423 olim

1238 1450 1464 1491 Bigotianus.
1493 1450 1612 1481 Minus
1636 1449 1794 1481 laudab.-

1243 1508 1330 1539 Hor.
1347 1518 1441 1539 omn.
1458 1518 1500 1540 ex
1513 1518 1584 1539 rec.
1594 1508 1852 1550 VettiiAgorii.

1238 1566 1369 1597 vitiose
1402 1576 1471 1598 scr.
1513 1576 1556 1597 ex
1589 1569 1663 1607 opt.
1699 1565 1849 1607 exempl.

1239 1621 1397 1653 Colbert.

1244 1679 1311 1711 Od.
1330 1679 1424 1719 1—V‚
1448 1680 1500 1712 10.
1524 1680 1600 1712 Sat.
1621 1680 1648 1720 I,
1668 1679 1780 1713 4.-10.
1806 1679 1854 1719 ΙΙ,

1245 1737 1329 1769 1—3.
1349 1737 1465 1779 Epist.
1485 1737 1515 1769 Ι.
1537 1737 1667 1769 vitiose
1685 1748 1753 1770 scr.
1773 1738 1856 1770 olim

1239 1793 1397 1825 Colbert.
1711 1784 1727 1789 ,

1242 1852 1284 1883 A.
1296 1855 1391 1893 poet.
1403 1852 1520 1893 Epist.
1532 1852 1562 1883 I.
1572 1852 1621 1883 II.
1639 1852 1751 1884 Serm.
1763 1851 1793 1883 Ι-.
1804 1851 1856 1883 ΙΙ.

1244 1909 1621 1951 A.poet.Epist.I.II.
1639 1906 1792 1941 Se1·1n.I.
1804 1909 1855 1940 ΙΙ.

1244 1968 1287 1998 A.
1299 1971 1397 2009 poet.
1407 1967 1523 2009 Epist.
1535 1967 1564 1999 Ι.
1575 1967 1624 1999 ΙΙ.
1642 1967 1753 2008 Serm.
1764 1968 1793 2000 I.
1805 1969 1855 2002 II.

1246 2025 1288 2056 A.
1315 2028 1412 2066 poet.
1438 2025 1555 2067 Epist.
1582 2025 1612 2057 I.
1638 2026 1687 2057 ΙΙ.

1249 2082 1316 2113 Od.
1336 2082 1428 2114 I-V.
1448 2082 1479 2114 Ι.
1506 2082 1581 2114 Sat.
1610 2083 1643 2115 9.
1660 2094 1695 2114 v.
1723 2084 1855 2118 17—10.

1246 2139 1338 2171 male
1356 2149 1424 2171 scr.
1437 2149 1479 2171 ex
1492 2139 1587 2171 bono
1605 2141 1754 2183 exempl.
1774 2142 1856 2174 olim

1240 2197 1283 2229 L.
1312 2197 1354 2229 de
1380 2197 1541 2239 Targny.

1250 2255 1339 2287 Hor.
1367 2254 1498 2286 omnia.

978 2377 1147 2417 OODD.
1182 2377 1427 2418 ORELLII.

472 2480 532 2512 Io.
567 2479 736 2521 Caspai·
770 2479 986 2520 Orellius,
1029 2481 1122 2512 inter
1154 2481 1250 2512 viros
1284 2481 1409 2513 doctos
1442 2481 1547 2513 huius
1583 2481 1713 2513 aetatis
1749 2491 1857 2522 opera

380 2537 540 2578 pluribus
567 2537 726 2579 antiquis
752 2538 1000 2579 scriptoribus,
1028 2548 1069 2569 ac
1087 2538 1280 2579 praecipue
1296 2538 1472 2578 Ciceroni,
1501 2538 1733 2570 saluberrime
1757 2548 1858 2578 prae-

382 2596 468 2626 stita
491 2595 663 2636 insignis,
700 2596 838 2637 ingenii
866 2596 921 2627 sui
947 2595 1033 2627 felix
1059 2605 1226 2635 acumen,
1261 2596 1432 2628 iudicium
1456 2595 1569 2627 multa
1598 2595 1752 2626 lectione
1777 2595 1858 2626 sub-

381 2656 501 2683 actum
533 2655 568 2682 et
593 2651 872 2703 'confirm-atum,
916 2662 958 2684 ac
991 2652 1233 2694 largissimam
1271 2652 1455 2685 doctrinae
1495 2652 1634 2694 copiam
1671 2652 1791 2696 etiam*
1811 2650 1857 2682 ad

381 2709 525 2740 Horatii
547 2713 714 2750 poemata
738 2710 869 2741 rectius
897 2712 1005 2751 atque
1030 2709 1253 2741 emendatius
1279 2719 1385 2751 quam
1411 2712 1518 2740 antea
1543 2708 1681 2740 edenda
1706 2718 1747 2739 ac
1765 2718 1857 2739 com-

382 2767 566 2798 mentariis
601 2767 645 2799 ad
685 2768 885 2809 praesentis
927 2767 1009 2799 aevi
1050 2777 1154 2799 usum
1193 2767 1388 2809 aptissimis
1423 2765 1638 2797 illustranda
1679 2764 1855 2796 adhibuit.

383 2823 496 2864 quue
522 2824 726 2865 consilium,
754 2835 835 2856 cum
860 2825 1010 2866 primam
1035 2824 1230 2856 editionem
1256 2834 1289 2856 a.
1318 2822 1419 2856 1837.
1446 2822 1502 2855 38.
1526 2822 1663 2854 duobus
1687 2822 1758 2854 vol.
1782 2822 1857 2853 vul-

384 2883 523 2921 gasset,
553 2881 734 2913 indefessa
758 2882 936 2914 industria
958 2885 993 2914 et
1019 2885 1203 2913 crescente
1229 2890 1398 2913 successu
1422 2890 1485 2921 per
1511 2879 1660 2912 alteram
1687 2879 1735 2921 (a.
1754 2879 1855 2911 1843.

383 2938 456 2980 41.)
494 2941 529 2970 01
559 2940 702 2970 tertiam
735 2939 856 2981 (quam
880 2944 962 2982 post
989 2941 1064 2972 eius
1093 2943 1244 2972 mortem
1274 2939 1329 2972 10.
1355 2938 1485 2980 Georg.
1511 2938 1679 2970 Baiterus
1705 2949 1738 2971 a.
1768 2937 1858 2970 1850
