2007 3434
385 264 387 266 ⁷
413 282 598 314 INDICES
629 283 881 315 LIBRORUM
889 284 1028 315 MSST.
1055 284 1113 314 ET
1144 275 1400 315 EDITORUM.
1484 328 1489 334 ⁸
1524 285 1641 324 XXIII

174 390 373 421 branaceus
398 389 434 420 in
459 388 527 421 8vo
553 388 637 419 min.
666 398 762 420 saec.
786 389 864 421 XV.
887 362 999 421 nitide
1025 389 1279 441 eleganterque
1303 390 1475 445 3011111113,
1502 390 1566 428 sed
1590 391 1641 421 vi-

175 447 268 479 tiosa
291 447 436 488 saepius
460 446 612 478 lectione
638 432 819 486 notabilis.
870 432 1079 490 Sermonum
1097 447 1140 478 et
1148 437 1412 499 Epistularum
1422 434 1534 480 libros
1559 458 1640 480 con·
1679 445 1684 451 ⁷

174 505 283 544 tinet,
309 505 386 536 sine
410 503 521 536 schol.
548 507 582 535 et
605 503 685 545 glos
671 503 750 534 .5i.5.
780 504 886 545 (Nov.
913 506 1061 545 Quaest.
1087 515 1121 546 p.
1145 504 1218 551 27.)
1464 504 1469 509 ⁷

264 563 322 604 22)
356 562 427 599 Gth.
462 563 518 593 ·.³.-·
552 561 639 594 Cod.
671 549 836 593 biblioth.
859 561 1018 593 ·I)ucalis
1046 560 1233 595 Gothanae
1266 563 1319 605 sig„
1309 574 1359 594 rn.
1400 562 1463 595 Ch.
1503 564 1562 595 Β.
1579 546 1645 608 61..

173 619 384 654 chartaceus
410 620 445 651 in
464 621 525 652 lte·
551 629 646 653 3300.
673 619 748 650 XV.
780 619 815 649 in
840 612 957 666 priore
969 616 1086 662 parte
1098 591 1319 653 Sermonumo
1333 625 1367 653 et
1384 621 1501 663 Epist.
1527 596 1638 652 libros

169 675 357 709 continet.
383 673 529 711 Scholia
546 670 634 712 fei-e
645 676 763 709 nulla.
804 665 989 718 Scriptura
1014 678 1102 710 satis
1128 688 1234 719 111113,
1261 678 1368 720 plana
1395 682 1430 710 et
1455 681 1637 723 accurata.

172 735 242 766 Hic
267 735 397 775 codex,
424 726 508 770 lieet
531 726 728 774 recentior,
755 736 938 777 permagni
965 736 1225 775 aestimandus,
1258 739 1297 767 ut
1323 747 1364 767 cx
1389 736 1639 780 antiquissimo

170 780 207 824 et
230 794 541 834 praestantissimo
568 793 760 840 exemplari
786 792 1004 834 descriptu5,
1031 794 1124 835 quod
1151 794 1205 825 vel
1231 794 1439 836 singularis
1449 793 1512 825 illa
1531 792 1638 827 lectio

130 851 200 885 21.
227 848 368 892 Santi,
397 851 477 884 1:26:
511 852 786 893 fugioflewnpum
821 852 987 903 {usumque
1024 853 1199 893 wigonem,
1238 852 1341 909 modo
1378 853 1413 883 in
1450 862 1521 891 uno
1558 851 1636 883 eod.

104 929 108 933 -
170 906 361 940 Blandinio
383 919 440 950 ap.
469 908 682 951 Cruquium
688 908 802 940 adhuc
813 912 988 951 reperta,
1017 905 1188 942 declarat.
1215 906 1326 941 (Nov.
1338 897 1495 950 Quaest.
1515 918 1549 951 p.
1562 908 1637 951 22.)

260 964 344 1012 23)
363 966 484 998 Graev.
523 966 636 998 C.0‹l
685 966 927 1012 Graevianus,
976 967 1244 1014 vetustissimus
1271 964 1328 1000 ac
1367 966 1638 1017 laudatissimus

169 1032 265 1054 saec.
290 1023 334 1055 X.
360 1022 562 1058 membran.
585 1016 674 1056 1101.
702 1013 823 1057 omnia
849 1010 932 1055 olim
955 1005 1184 1070 complexus,
1203 1020 1287 1056 -sed
1309 1009 1446 1057 avulsis
1464 1024 1637 1075 -pluribus

169 1080 385 1112 membranis
414 1081 451 1113 in
476 1083 552 1115 Sat.
589 1085 648 1113 et
646 1074 773 1123 Epist.
805 1081 906 1113 libris
938 1082 1100 1122 mutilus,
1135 1093 1156 1115 3
1180 1083 1333 1115 Graevio
1365 1082 1411 1116 ad
1436 1072 1637 1114 Bentleiuin
1667 1122 1672 1126 .
1696 1107 1698 1109 ,

169 1139 316 1178 missuS,
337 1142 432 1181 post
462 1140 499 1171 in
526 1139 790 1190 bibliothecam
812 1138 990 1171 Electoris
1023 1140 1204 1181 Palatini,
1214 1141 1312 1173 inde
1342 1141 1379 1172 in
1404 1127 1637 1187 Harleianam

154 1197 283 1242 ,Musei
315 1197 515 1232 Britannici
553 1184 650 1229 venit
686 1197 755 1228 sub
794 1195 857 1228 Nr.
890 1197 997 1236 2725,
1042 1208 1063 1229 a
1093 1198 1241 1230 Combio
1279 1208 1436 1240 quoque
1456 1179 1637 1231 adbibitus

169 1253 307 1294 (Comb.
335 1255 382 1296 a).
433 1256 475 1287 In
490 1255 622 1289 nostris
644 1250 712 1286 hoc
727 1245 880 1298 quidem
905 1253 984 1285 loco
1010 1254 1069 1301 v-ix
1085 1255 1334 1287 memorandus
1360 1255 1514 1295 videtur,
1540 1255 1637 1297 quod

156 1313 378 1345 >Sermonum
407 1299 517 1344 ‘modo
554 1298 707 1363 initium⁴
730 1321 843 1353 usque
875 1311 921 1342 ad
951 1312 1035 1344 Sat.
1061 1305 1278 1358 2.·15..113.
1317 1313 1494 1345 continet.·
1530 1313 1635 1345 >Eius
1688 1345 1691 1348 Α
1717 1340 1720 1343 ,

166 1361 338 1402 lectiones
360 1370 443 1402 Iani
467 1360 686 1401 Broukhusii
711 1375 818 1406 manu
850 1369 897 1411 ad
921 1369 975 1400 ed.
1004 1370 1048 1401 D.
1068 1369 1213 1401 Heinsii
1245 1380 1277 1401 a.
1307 1370 1395 1416 1612
1420 1370 1634 1412 adscripta-S,

166 1438 272 1469 quam
302 1427 362 1461 0(1.,
384 1415 536 1463 Hessius
570 1428 613 1459 V.
648 1427 700 1459 Cl.
734 1427 897 1469 benigne
918 1412 1111 1474 nobiscum
1132 1427 1434 1468 communicavit,
1469 1427 1552 1478 inde
1582 1438 1634 1459 se-

132 1482 251 1518 .dulo
275 1476 530 1526 excerpsimus.
555 1484 660 1527 (Nov.
684 1486 836 1526 Quaest.
863 1495 913 1535 p.
924 1471 998 1526 28.)

256 1542 321 1584 24)
350 1540 452 1584 Lips.
487 1543 522 1575 1.
576 1542 662 1574 Cod.
689 1543 730 1574 1.
762 1531 934 1574 biblioth.
971 1541 1182 1575 Senatoriae
1218 1541 1439 1594 Lipsiensis,
1479 1514 1569 1586 plut.
1602 1543 1631 1574 I.

164 1601 226 1632 Nr.
253 1600 288 1633 6.
313 1591 609 1640 membranaceus
630 1601 666 1632 in
691 1590 770 1633 Pol.
796 1600 983 1640 mediocri,
1018 1606 1112 1632 saec.
1136 1600 1200 1633 XI.
1227 1592 1397 1648 accurate
1421 1591 1634 1650 luculenterss
1663 1641 1665 1643 ι

164 1662 234 1700 que
266 1652 420 1700 scriptus
454 1662 491 1690 et
515 1669 558 1690 ex
583 1659 676 1691 bono
711 1669 753 1690 ac
777 1652 920 1704 vetusto
954 1658 1149 1709 exemplari
1174 1640 1323 1690 ductus
1333 1658 1511 1700 permulta
1528 1648 1635 1690 bona
1724 1680 1727 1682 -

163 1715 268 1748 affe'rt
304 1720 339 1748 et
377 1717 473 1748 inter
508 1717 788 1758 praestantiores
819 1717 908 1755 Hor.
945 1716 1087 1768 codices
1115 1711 1323 1757 habendus.
1382 1716 1512 1753 Omnia
1542 1717 1630 1748 Hor.
1651 1713 1655 1717 ⁷

106 1799 108 1801 ,
162 1774 297 1816 scripta
321 1775 492 1807 continet.
525 1774 680 1807 Scholia
705 1778 739 1807 et
763 1774 907 1825 glossae
928 1765 964 1806 in
972 1759 1107 1816 l'yricis
1126 1784 1350 1836 perpaucae,
1376 1774 1411 1805 in
1438 1777 1522 1806 cett.
1545 1759 1632 1806 mul-
1680 1797 1682 1799 >

162 1835 232 1864 tae.
262 1830 400 1872 (Novae
425 1833 574 1876 Quaest.
600 1836 634 1874 p.
661 1832 734 1874 36.)
853 1856 856 1858 -

254 1888 311 1931 ’25)
339 1889 434 1929 Lips.
458 1891 491 1922 2.
542 1889 629 1922 Cod.
654 1891 687 1922 2.
712 1879 877 1922 biblioth.
898 1854 1109 1931 Senatoriae
1121 1869 1335 1929 Lipsiensis,
1359 1858 1449 1934 plut.
1468 1874 1498 1920 Ι.
1519 1891 1553 1920 4.
1572 1888 1629 1921 38.

162 1931 455 1978 membranaceus
480 1947 516 1977 in
535 1947 594 1978 4t0
620 1947 704 1978 mai.
731 1956 825 1990 saec.
840 1946 885 1978 X.
935 1945 1005 1977 Hic
1030 1946 1142 1978 codex
1166 1946 1323 1978 omnium
1348 1946 1432 1978 fere
1447 1950 1631 1991 praestan-

162 1996 323 2036 tissimus
346 2005 396 2036 et
427 2015 586 2055 summae
617 1992 866 2051 auctoritatis,
878 2004 1126 2045 Graeviano,
1157 1992 1351 2043 Leidensi,
1393 2004 1451 2036 vel
1485 2004 1633 2048 Cruquii

160 2061 370 2109 Blandiniis
378 2058 456 2111 non
479 2063 626 2095 minoris
650 2063 855 2106 habendus,
879 2072 961 2094 cum
983 2064 1129 2103 propter
1149 2050 1382 2093 reverendam
1400 2065 1631 2102 vetustatem,

132 2107 236 2151 ·t⁷u⁷m
267 2108 426 2166 propter
451 2124 588 2153 rectam
619 2120 825 2163 plerumque
858 2110 893 2153 et
925 2119 1152 2152 emendatam
1190 2114 1382 2164 lectionem
1413 2115 1461 2165 ex⁷
1496 2115 1630 2161 optimo

159 2176 355 2219 exemplari
380 2177 544 2219 ductam,
554 2189 666 2221 quae
685 2179 842 2211 librarii
847 2188 989 2220 quoque
1000 2179 1158 2209 ⁷manum
1183 2162 1326 2209 doctam
1353 2186 1395 2208 ac
1424 2162 1632 2220 diligentem

160 2235 301 2278 prodat.
352 2235 433 2267 Non
464 2237 648 2279 splendide
673 2237 816 2279 quidem
847 2231 882 2269 et
907 2240 1032 2268 ornate
1055 2233 1184 2282 utalii
1209 2234 1285 2275 eius
1314 2226 1450 2266 saeculi
1476 2235 1630 2276 codices,
1677 2268 1681 2270 ,

160 2293 224 2327 3οᾶ
247 2281 334 2337 pure
349 2295 482 2326 ..tamen
506 2298 541 2327 et
566 2289 743 2339 eizplicate
767 2295 922 2337 scriptus
933 2292 1126 2335 „Horatii
1149 2289 1269 2324 omnia
1299 2287 1459 2324 continet
1490 2293 1534 2324 ab
1561 2293 1628 2325 Od.
1653 2311 1656 2313 -

159 2351 245 2391 1‚·2‚
271 2350 328 2383 38.
361 2351 474 2392 primo
506 2351 612 2384 modo
637 2351 728 2384 folio
762 2352 960 2385 deficiente.
1018 2342 1169 2384 Glossae
1191 2352 1236 2382 et
1267 2349 1405 2382 scholia
1436 2361 1628 2392 perpauca.

161 2402 309 2450 (Novae
325 2408 474 2448 Quaest.
495 2415 538 2451 ·.p
566 2408 610 2442 37
634 2406 724 2452 sq.)
894 2427 897 2430 ,

250 2464 308 2507 26)
344 2466 440 2506 Lips.
463 2465 513 2500 3.
577 2467 664 2499 Cod.
696 2468 730 2501 3.
768 2462 933 2499 biblioth.
972 2438 1205 2499 Senator-iae
1216 2433 1433 2506 Lipsiensis,
1470 2463 1563 2506 plut.
1593 2465 1626 2497 Ι.

157 2524 236 2557 Fol.
263 2524 297 2555 4.
329 2524 620 2556 membranaceus
646 2525 683 2556 in
705 2524 784 2561 Fol.
808 2525 892 2556 mai.
919 2534 1013 2556 saec.
1038 2524 1122 2555 XII.
1171 2523 1280 2556 Liber
1305 2514 1627 2564 splendidissimus,

158 2592 296 2615 summa
335 2592 413 2614 cum
453 2592 539 2614 eura
571 2585 607 2614 et
638 2575 828 2624 diligentia
858 2584 908 2632 'ex
939 2582 1072 2623 optimo
1110 2580 1304 2622 exemplari
1333 2579 1532 2637 luculenter
1570 2582 1627 2613 ex-

159 2640 316 2682 scriptus
340 2639 703 2682 ideoque'permagni
723 2639 921 2681 habendus.
964 2637 1108 2671 Horatii
1129 2638 1249 2686 omnia
1272 2638 1443 2679 continet.
1482 2638 1628 2673 Scholia
1670 2674 1673 2676 ,

147 2700 196 2730 'in
219 2698 342 2740 lyricis
366 2697 480 2743 multa
499 2701 539 2734 et
563 2698 728 2739 antiqua,
756 2696 900 2739 glossae
923 2706 986 2738 per
1009 2695 1127 2750 toturn
1144 2695 1287 2727 librum.
1315 2694 1454 2736 (Novae
1473 2697 1624 2738 Quaest.

158 2768 193 2799 p.
220 2755 276 2789 39.
304 2755 372 2787 sub
393 2755 451 2787 tit.
481 2756 580 2798 Lips.
610 2756 641 2795 3,
669 2754 717 2797 3.)
854 2779 859 2784 .

205 2818 207 2820 “
246 2813 308 2855 27)
334 2812 443 2845 Ment.
471 2823 500 2846 s.
528 2812 666 2846 nentel.
718 2809 806 2842 Cod.
838 2793 1077 2841 Mentelianns
1110 2809 1147 2862 (a
1170 2800 1359 2852 Mentelio,
1393 2788 1532 2843 medico
1556 2812 1624 2844 Pa-

149 2870 319 2911 113101ιεί.ι
343 2870 450 2902 cujus
480 2870 548 2902 fuit
578 2870 673 2902 circa
704 2880 736 2900 a.
765 2867 869 2909 1660)
898 2862 1092 2918 membran.
1119 2858 1214 2901 saec.
1241 2868 1286 2900 X.
1317 2869 1420 2900 euius
1450 2867 1622 2901 lectiones

157 2928 242 2961 olim
279 2938 317 2959 3
329 2920 546 2970 Marqu'ardo
579 2926 695 2959 Gudio
731 2928 918 2968 excerptas
956 2913 1134 2958 recentior
1166 2935 1292 2958 manus
1323 2927 1369 2961 ad
1405 2934 1517 2960 oram·
1533 2926 1619 2960 edit.
