2007 3434
358 301 545 334 INDICES
574 298 813 330 LIBRORUM
844 295 973 326 MSST.
1004 294 1062 323 ET
1093 289 1349 322 EDITORUM.
1504 288 1581 317 xxl

208 412 242 453 4)
270 412 353 444 Bru.
380 419 412 440 α.
463 405 550 438 cod.
576 403 742 436 biblioth.
771 400 962 434 Bernensis
991 398 1020 430 l.
1045 398 1107 430 Nr.
1135 395 1214 429 363.
1241 394 1434 426 membran.
1463 393 1498 424 in
1523 394 1583 425 r*lto

116 483 209 504 saec.
227 470 328 503 VIII.
357 465 519 500 exeuntis
546 466 608 494 aut
634 462 696 493 IX.
726 459 880 492 ineuntis
910 458 966 499 (B.
995 467 1051 498 ap.
1080 453 1205 496 Orell.)
1231 453 1387 485 omnium
1412 451 1584 492 antiquis-

116 531 244 568 simus,
278 526 341 558 sed
371 523 500 556 inscite
526 523 561 552 et
594 520 728 560 impure
759 516 934 557 scriptus,
971 515 1073 556 plura
1106 524 1148 545 ex
1173 513 1261 544 Hor.
1293 509 1436 551 scriptis
1463 508 1584 551 lyricis

115 585 345 629 singulariter
376 583 518 624 digesta
554 578 726 610 continet.
782 575 837 606 Ex
872 573 1000 604 Satiris
1030 572 1134 604 modo
1169 571 1247 602 Lib.
1271 570 1299 601 I.
1330 568 1406 600 Sat.
1437 567 1466 598 l.
1491 567 1524 598 2.
1551 565 1584 598 3.

115 654 228 686 usque
255 642 299 674 ad
321 652 356 672 v.
388 640 464 672 134.
495 636 600 679 (Nov.
628 635 776 675 Quaest.
803 643 837 674 p.
865 631 885 662 8
912 630 983 672 sq.)

208 700 242 743 5)
276 700 362 732 Brn.
388 698 419 730 lz.
447 701 468 731 i.
520 695 608 727 Cod.
639 693 658 724 Ιι
694 690 857 722 biblioth.
893 687 1085 720 Bernensis
1119 687 1181 719 Nr.
1208 684 1287 717 619.
1322 682 1516 715 membran.
1551 681 1586 712 in

117 760 185 791 8vo
218 768 313 790 saec.
349 756 412 788 XI.
447 755 527 796 (ap.
562 752 751 784 Sinncrum
783 749 819 780 in
851 746 966 779 catal.
1002 746 1104 777 codd.
1133 745 1256 785 Bern.)
1291 745 1353 774 aut
1387 740 1470 772 XII.
1506 738 1585 780 (ap.

119 817 243 859 Orell.)
280 819 314 847 ct
342 814 420 846 cod.
449 811 568 846 ibibl.
602 807 795 841 Beruensis
829 806 891 837 Nr.
923 804 1002 836 327.
1035 803 1229 835 membran.
1262 810 1356 832 saec.
1389 798 1472 830 XII.
1507 795 1585 837 (ap.

119 873 321 916 Sinnerum)
356 875 419 904 aut
450 870 552 903 XIII.
588 866 660 908 (ap.
690 864 816 906 Orell.)
866 864 1026 903 Uterque
1049 862 1257 893 Sermonum
1287 861 1322 890 et
1345 855 1587 899 Epistolarum

116 935 225 966 libros
259 932 439 969 continet,
473 928 568 970 prior
599 936 619 956 a
645 924 721 956 Sat.
755 923 790 962 I,
823 920 855 952 9.
905 920 1033 951 Varias
1064 919 1146 950 inde
1178 918 1349 949 lectiones
1385 925 1406 946 a
1437 913 1588 945 Miillero

117 993 161 1025 V.
189 990 242 1023 Cl.
272 989 376 1021 nobis
409 988 596 1026 excerptas
630 982 674 1014 ad
708 981 784 1012 Sat.
817 979 872 1018 ΙΙ,
907 980 939 1009 2.
975 976 1147 1008 dedimus.
1212 973 1365 1006 Orellius
1400 975 1590 1013 utrumque

118 1048 223 1081 modo
257 1047 301 1079 ad
335 1048 416 1077 octo
450 1052 573 1075 versus
608 1041 683 1072 Sat.
712 1039 746 1077 Ι,
775 1038 828 1068 10.
862 1035 1039 1077 praefixos
1072 1034 1137 1065 sub
1173 1033 1242 1064 litt.
1269 1032 1291 1063 h
1317 1034 1352 1062 et
1379 1031 1390 1061 i
1423 1029 1587 1062 contulit.

120 1108 227 1148 (Nov.
255 1106 403 1146 Quaest.
428 1114 462 1144 p.
488 1102 521 1133 9.
549 1100 611 1131 Nr.
639 1099 671 1129 ἶ).
699 1095 748 1137 (j.)

211 1164 246 1203 (5)
273 1161 370 1194 Corb.
421 1159 508 1191 Cod.
535 1154 741 1188 monasterii
760 1153 796 1186 S.
817 1152 917 1184 Petri
943 1148 1169 1182 Corbeiensis
1196 1147 1288 1188 sign.
1304 1147 1346 1178 R.
1369 1146 1461 1185 224„
1489 1144 1590 1177 cuius

120 1223 240 1254 varias
266 1220 439 1252 lectiones
468 1227 510 1248 ex
536 1216 743 1247 Sermonum
769 1214 804 1242 et
828 1207 1071 1251 Epistolarum
1101 1205 1202 1236 libris
1229 1206 1415 1245 excerptas
1446 1203 1591 1245 Sylloge

120 1278 317 1314 Burmanni
341 1276 444 1308 nobis
470 1270 732 1314 suppeditavit,
757 1267 922 1300 lectionis
949 1263 1128 1297 erroribus
1155 1272 1197 1293 ac
1221 1261 1320 1292 vitiis
1345 1264 1472 1293 scatet.
1523 1262 1591 1292 De-

121 1340 194 1372 ficit
221 1338 257 1368 in
283 1337 358 1368 Sat.
386 1333 434 1373 II,
461 1334 493 1364 7.
522 1330 627 1372 (Nov.
656 1329 803 1368 Quaest.
830 1336 863 1366 p.
896 1322 967 1364 10.)

212 1394 246 1437 7)
281 1395 380 1426 Dess.
412 1392 441 1422 1.
493 1389 579 1422 Cod.
613 1384 777 1418 biblioth.
810 1379 958 1414 Ducalis
990 1376 1243 1409 Dessaviensis
1270 1376 1301 1407 1.
1335 1375 1428 1417 sign.
1460 1376 1523 1407 Nr.
1549 1375 1591 1406 A,

120 1453 414 1486 membranaceus
444 1448 481 1479 in
505 1445 583 1478 Fol.
610 1454 704 1475 saec.
735 1442 779 1473 X.
802 1436 1021 1471 reverendae
1044 1434 1255 1474 vetustatis,
1291 1434 1406 1466 nitide
1432 1438 1466 1466 et
1492 1445 1593 1466 accu-

121 1515 199 1544 rate
231 1510 404 1551 scriptus,
455 1507 599 1547 propter
630 1503 760 1533 bonam
792 1505 988 1537 sanamque
1019 1492 1209 1524 lectionem
1243 1493 1365 1534 magni
1394 1493 1592 1524 habendus,

123 1569 252 1602 Omnia
273 1569 362 1599 Hor.
391 1565 526 1605 scripta
551 1560 727 1598 continet,
757 1567 837 1589 cum
863 1553 1007 1586 scholiis
1032 1551 1190 1592 antiquis
1217 1550 1261 1582 ad
1287 1561 1385 1582 oram
1411 1554 1594 1582 externam

124 1632 159 1660 et
199 1628 376 1658 internam
409 1618 625 1663 largissimis
658 1618 693 1648 et
726 1614 856 1657 glossis
894 1612 987 1643 inter
1016 1610 1144 1641 lineaS.
1202 1609 1338 1640 Textus
1370 1612 1491 1640 tamen
1525 1619 1595 1639 non

124 1687 200 1718 sine
230 1683 384 1716 lacunis.
434 1679 514 1711 Lib.
541 1677 572 1709 I.
606 1676 815 1707 Sermonum
840 1671 981 1712 integer
1006 1669 1112 1699 inest.
1163 1667 1206 1698 In
1226 1667 1307 1698 Lib.
1331 1667 1379 1698 II.
1407 1667 1594 1699 deficiunt:

124 1745 200 1777 Sat.
229 1743 267 1782 Ξ),
298 1738 462 1773 45-90.
494 1736 533 1776 6,
560 1732 744 1766 27-117,
782 1731 820 1770 7,
846 1726 1007 1761 46—91.
1041 1726 1079 1765 8,
1105 1724 1266 1757 65-95,
1304 1723 1417 1765 (Nov.
1444 1726 1593 1765 Quaest,

218 1858 252 1900 8)
287 1857 386 1888 Dess.
413 1854 447 1884 2.
498 1849 586 1882 Cod.
614 1845 780 1879 biblioth.
814 1842 962 1875 Ducalis
996 1839 1249 1873 Dessaviensis
1275 1841 1308 1871 2.
1343 1839 1436 1881 sign.
1464 1841 1527 1872 Nr.
1554 1841 1594 1872 B.

127 1916 417 1949 membranaceus
450 1910 486 1940 iu
515 1909 583 1941 8νο
609 1905 693 1937 mai.
726 1913 820 1934 saec.
852 1900 955 1932 XIII.
993 1899 1129 1940 scripta
1161 1897 1250 1928 Hor.
1286 1897 1405 1928 omnia
1437 1899 1597 1930 continet

127 1987 157 2007 c.
186 1972 331 2005 scholiis
360 1972 395 2001 et
421 1966 551 2010 glossis
576 1963 718 2006 paucis,
756 1960 801 1992 ad
830 1958 945 2001 lyrica
969 1956 1090 1988 nullis.
1142 1955 1327 1996 Scriptura
1358 1955 1497 1987 minuta
1521 1957 1597 1998 qui-

127 2033 202 2065 dem
235 2033 270 2062 et
301 2028 481 2064 conferta,
520 2022 583 2055 sed
612 2021 721 2063 plana
754 2022 876 2050 tamen
911 2019 946 2048 et
976 2016 1157 2046 accurata.
1209 2013 1334 2044 Lectio
1367 2023 1438 2044 non
1467 2013 1599 2054 ubique

127 2100 217 2122 sana
241 2092 276 2120 et
299 2089 419 2125 recta,
446 2082 509 2115 sed
534 2080 680 2122 cognitu
705 2081 825 2109 tamen
851 2075 972 2116 digna.
1001 2072 1106 2114 (Nov.
1134 2072 1282 2112 Quaest.
1310 2081 1344 2112 p.
1374 2070 1415 2102 13
1437 2070 1510 2111 sq.)

221 2147 256 2188 9)
289 2147 388 2177 Dess.
417 2142 450 2175 3.
502 2139 589 2172 Cod.
623 2134 787 2168 biblioth.
817 2132 966 2165 Ducalis
991 2129 1246 2163 Dessaviensis
1274 2127 1307 2160 3.
1340 2127 1432 2169 sign.
1467 2128 1529 2159 Nr.
1558 2127 1597 2159 C.

127 2204 418 2237 membranaceus
442 2200 478 2230 in
503 2198 572 2230 8νο
598 2196 682 2227 min.
713 2203 807 2224 saec.
835 2191 918 2223 XII.
946 2190 1034 2221 satis
1059 2189 1150 2220 bene
1173 2191 1208 2219 et
1233 2185 1419 2218 emendate
1445 2185 1599 2226 scriptus

128 2262 346 2304 cognitaque
379 2258 520 2300 dignus.
579 2256 788 2287 Sermonum
823 2252 858 2281 et
889 2247 1136 2290 Epistolarum
1166 2246 1277 2277 libros
1315 2254 1395 2275 cum
1426 2243 1468 2275 A.
1502 2246 1598 2285 poet.

130 2320 310 2357 continet,
349 2327 420 2348 non
453 2316 530 2346 sine
559 2311 711 2344 lacunis.
767 2309 810 2340 In
841 2307 1050 2339 Sermonum
1083 2305 1163 2336 Lib.
1197 2304 1227 2335 Ι.
1259 2301 1428 2334 deficiunt
1462 2300 1538 2331 Sat.
1566 2302 1599 2340 4,

130 2375 290 2410 43—96.
319 2374 356 2405 in
379 2374 489 2405 Libro
514 2372 563 2403 II.
591 2370 666 2402 Sat.
695 2368 728 2407 3,
755 2365 916 2404 181—8,
942 2363 998 2395 33.
1025 2362 1130 2404 (Nov.
1159 2363 1307 2402 Quaest.
1335 2370 1368 2400 p.
1395 2358 1438 2390 14
1461 2357 1530 2398 sq.)

224 2431 278 2474 10)
308 2432 408 2465 Dorv.
436 2430 468 2462 1.
519 2427 639 2461 Codex
664 2427 797 2457 msctns
817 2422 996 2455 d'Orvillii
1017 2420 1283 2453 vetustissimus
1304 2418 1367 2449 Nr.
1389 2416 1419 2448 1.
1441 2425 1535 2446 saec.
1555 2415 1599 2446 X.

132 2492 435 2528 membranaceus,
464 2485 609 2518 scholiis
632 2484 677 2515 ad
696 2493 808 2524 marg.
836 2482 1046 2519 instructus,
1070 2479 1187 2511 bonae
1211 2479 1330 2515 notae,
1354 2474 1454 2506 cuius
1480 2473 1602 2504 lectio-

131 2561 193 2583 nes
220 2549 265 2580 ad
298 2547 352 2580 ed.
378 2545 494 2587 Lugd.
525 2542 612 2575 1663
649 2538 873 2582 (Schrevelii)
909 2537 1060 2570 collatas
1095 2535 1241 2578 Sylloge
1272 2531 1466 2565 Burmanni
1498 2530 1601 2562 nobis

134 2606 390 2650 suppeditavit.
447 2594 589 2644 Scripta
619 2600 708 2631 Hor.
748 2597 866 2628 omnia
898 2595 1040 2627 videtur
1076 2604 1156 2626 esse
1191 2590 1416 2632 complexu-5,
1460 2592 1602 2631 praeter

134 2665 248 2708 Epod.
276 2663 412 2696 1—15.
440 2661 546 2703 (Nov.
571 2654 720 2699 Quaest.
747 2666 781 2697 p.
812 2654 882 2695 15.)

229 2721 284 2763 11)
317 2722 419 2752 Dorv.
457 2721 476 2741 ⁶)
557 2716 644 2749 Cod.
687 2716 822 2745 msctus
854 2709 1035 2743 d‘Orvillii
1071 2707 1181 2746 alter,
1220 2715 1314 2736 saec.
1347 2703 1450 2736 XIII.
1490 2702 1603 2734 nitide

459 2743 489 2751 u·

135 2781 306 2822 scriptus,
341 2778 442 2810 cuius
467 2775 640 2808 lectiones
666 2782 745 2804 cum
770 2770 892 2801 d'Orv.
922 2769 951 2800 1.
985 2767 1118 2808 ubique
1142 2764 1352 2796 coniunctas
1378 2761 1501 2794 eadem
1526 2760 1603 2802 Syl-

136 2840 217 2881 loge
242 2835 438 2870 Burmanni
464 2833 567 2865 nobis
594 2830 735 2863 obtulit.
763 2828 868 2869 (Nov.
898 2828 1046 2866 Quaest.
1074 2835 1107 2865 p.
1137 2821 1206 2863 15.)

233 2894 284 2937 12)
322 2894 408 2926 Drd.
446 2892 476 2923 1.
528 2889 615 2921 Cod.
646 2886 810 2919 biblioth.
844 2884 980 2925 Regiae
1010 2880 1224 2914 Dresdensis
1256 2879 1287 2912 l.
1323 2877 1415 2919 sign.
1442 2877 1487 2908 D.
1525 2874 1601 2907 137.

138 2953 428 2986 membranaceus
453 2949 489 2981 in
514 2947 582 2980 8vo
608 2946 690 2979 mai.
718 2954 813 2977 saec.
837 2942 921 2975 XII.
947 2952 978 2973 c.
1005 2939 1149 2973 scholiis
1177 2940 1212 2971 et
1235 2935 1384 2981 glossis,
1411 2945 1433 2967 a
1458 2933 1602 2966 librario
